2452 3900
141 133 184 197 32
539 130 706 185 Κνωσίου
725 125 764 185 ε’.
883 116 886 120 “

629 316 671 356 ιι.

80 453 83 459 .
205 395 284 464 Ἐὰν
308 396 345 465 ὁὲ
367 394 405 464 τὸ
428 396 562 483 ληφθὲν
586 409 726 483 σημεῖον
745 397 804 463 ἐπί
818 421 911 474 τινος
929 385 950 484 ᾖ
969 397 1038 462 τῶν
1058 390 1163 482 ιἰσνμ
1218 421 1221 424 ⁴

141 502 295 589 πτωτων,
324 504 380 570 καὶ
403 500 442 570 τὰ
470 503 571 570 λοιπὰ
599 503 736 588 γένηται
762 499 803 570 τὰ
826 498 929 589 αὐτα,
956 497 977 586 ἡ
1009 500 1066 568 διὰ
1094 505 1163 569 τῶν

89 651 93 659 ·
137 610 295 697 ,περάτων
329 612 395 677 τῶν
422 607 599 696 ὑπεροχῶν
627 606 774 695 ἀγομένη
804 607 921 675 εὐθεῖα
952 605 1164 692 παράλληλος

109 720 237 783 οέσται
263 719 303 804 τῇ
331 713 553 807 ἆσυμπτώτφ,
582 712 635 801 ἐφ’
658 705 697 800 ἧς
724 715 794 782 ἐστι
816 715 854 781 τὸ
879 726 1035 800 σημεῖον,
1062 708 1164 799 καὶὴ

144 817 209 890 ἀπὸ
241 825 302 890 τοῦ
335 826 475 909 σημείου
504 822 556 889 ἐπὶ
583 821 644 907 τὴν
673 819 866 907 σύμπτωσιν
894 822 952 906 τῆς
979 821 1082 906 τομῆς
1108 819 1165 886 ιιαὶ

144 931 203 1014 τῆς
230 927 286 996 διὰ
313 932 381 996 τῶν
411 927 563 1015 περάτων
590 924 736 1014 ἠγμένος
764 923 898 1004 εὐθείας
921 923 1083 1012 ἐφάψεται
1106 927 1166 1010 τῆς

145 1039 258 1122 τομῆς.

214 1146 364 1208 ἔστωσαν
393 1139 616 1225 ἀντικείμεναι
645 1141 682 1204 αἱ
704 1145 747 1223 Α,
762 1144 806 1223 Β,
829 1136 885 1204 καὶ
908 1134 946 1205 τὸ
971 1144 1004 1203 Δ
1027 1149 1168 1223 σημεῖον

97 1265 130 1312 10
149 1251 232 1316 ἔστω
266 1247 319 1314 ἐπὶ
353 1249 430 1334 μιᾶς
458 1247 527 1312 τῶν
559 1241 805 1329 ἄσυμπτωτων,
837 1243 893 1309 καὶ
924 1242 964 1310 τὰ
998 1239 1099 1310 λοιπὰ
1127 1240 1169 1310 τὰ

149 1349 400 1439 αὐτὰφινέσθω.
412 1351 509 1437 λέγω,

149 1457 238 1544 ὅτιὴ
258 1458 522 1544 ‹mammi-

73 1634 76 1639 ,
149 1577 362 1649 συμπεσεῖται
390 1573 429 1652 τῇ
458 1589 509 1631 το-

150 1679 210 1756 μῇ,
237 1669 294 1734 καὶ
318 1666 339 1754 ἡ
364 1668 429 1736 ἀπὸ
451 1675 510 1758 τῆς

98 1792 131 1840 lb
151 1773 372 1860 συμπτωσεως
395 1778 448 1844 ἐπὶ
471 1776 510 1844 τὸ

151 1888 185 1947 Δ
240 1880 402 1967 ἐφάψεται
451 1894 510 1970 τῆς
553 1917 588 1965 Α

150 1990 260 2075 τομῆς.

218 2092 314 2182 ἤχθω
328 2093 392 2162 ἀπὸ
405 2101 511 2164 τοῦΔ

46 2242 50 2250 ·
96 2264 99 2269 ,
153 2202 365 2288 ἐφαπτομένη
384 2199 405 2289 ἡ
425 2210 502 2291 ΛΖ,
522 2205 578 2272 καὶ
596 2203 661 2273 ἀπὸ
680 2209 742 2273 τοῦ
762 2212 789 2272 Ζ
808 2200 896 2292 παρὰ
915 2202 978 2290 τὴν
998 2203 1174 2292 ἀσύμπτω·

101 2322 136 2371 νο
153 2331 224 2391 τον,
249 2303 302 2394 ἐφ’
324 2299 363 2394 ἧς
386 2311 455 2378 ἐστι
477 2310 515 2379 τὸ
535 2319 579 2397 Δ,
598 2309 694 2398 ἤχθω
715 2309 840 2379 εὐθεῖα.
873 2307 944 2396 ἥξει
964 2308 1005 2396 δὴ
1026 2311 1083 2377 διὰ
1102 2320 1173 2379 τῶν

155 2417 198 2497 K,
208 2418 251 2478 H.
275 2417 306 2478 εί
319 2412 383 2501 γὰρ
398 2414 454 2503 μή,
468 2412 489 2502 ἢ
505 2415 561 2484 διὰ
574 2427 636 2485 τοῦ
647 2417 762 2505 ἑτέρου
776 2414 889 2484 αὐτων
904 2411 1007 2509 ἥξειῆ
1020 2415 1064 2484 δι’
1079 2412 1175 2484 οὐδε-

154 2516 269 2614 τέρου,
297 2518 415 2587 καὶτὰ
440 2519 524 2589 αὐτὰ
550 2523 656 2590 ἄτοπα
679 2522 884 2609 συμβήσεται
907 2533 977 2601 τοῖς
999 2520 1175 2610 πρότερον.

633 2708 697 2748 αα.

215 2781 388 2852 Ἔστωσαν
415 2786 516 2854 πάλιν
544 2785 770 2872 ἀντιπείμεναι
798 2791 836 2854 αλ
860 2795 903 2874 Α,
918 2794 962 2872 Β,
989 2787 1045 2854 καὶ
1072 2785 1110 2855 τὸ
1141 2795 1176 2854 Δ

104 2903 138 2954 25
157 2902 297 2976 σημεῖον
326 2890 379 2957 ἐπὶ
402 2895 478 2977 μιᾶς
499 2895 569 2960 των
593 2890 833 2980 ἀσυμπτολτων,
861 2893 917 2959 καὶ
939 2890 960 2980 ἡ
984 2891 1046 2978 μὲν
1070 2899 1179 2960 ΔΒΚ

156 3004 196 3082 τῇ
227 3000 312 3084 τομῇ
340 2995 418 3064 καθ’
448 3002 485 3065 ἓν
517 3000 624 3086 μόνον
657 3013 796 3085 σημεῖον
830 3000 1045 3085 συμβαλλέτω
1062 3002 1114 3066 ’τὸ
1147 3005 1176 3065 Β

157 3100 369 3189 παράλληλος
388 3095 473 3171 οὖσα
487 3109 527 3191 τῇ
542 3105 637 3194 ἑτέρᾳ
650 3108 718 3173 τῶν
732 3102 973 3193 ἄσυμπτωτων,
992 3100 1013 3190 ἡ
1029 3103 1067 3171 δὲ
1080 3109 1179 3172 ΓΔΘ

158 3207 296 3298 ἑκατέρᾳ
317 3212 386 3277 τῶν
408 3220 520 3297 τομῶν
545 3212 775 3298 συμβαλλέτω,
803 3211 860 3311 καὶ
883 3215 978 3296 ἔστω,
1003 3206 1048 3289 ὡς
1070 3206 1091 3296 ἡ
1116 3215 1178 3277 ΓΔ

157 3311 239 3401 πρὸς
259 3324 335 3402 ΛΘ,
355 3314 375 3402 ἡ
393 3322 466 3385 ΓΗ
479 3321 561 3406 πρὸς
579 3324 658 3403 ΗΘ,
681 3329 722 3406 τῇ
741 3316 778 3385 δὲ
797 3324 864 3384 ΔΒ
884 3324 940 3403 ἴση
959 3319 1043 3383 ἔστω
1062 3313 1082 3402 ἡ
1101 3321 1177 3382 ΒΚ.

230 3479 273 3527 26.
293 3474 484 3548 συμβαλλέτω]
503 3495 530 3547 p,
550 3474 711 3548 σνμβαλέτω
732 3477 788 3532 Vv.
