2444 3892
160 126 225 190 272
440 125 704 178 οονωιυαυλωιε
721 124 890 189 ANTIQUA.

159 267 404 356 ληλόγραμμου.
449 266 504 333 καὶ
528 265 597 333 ἐπεὶ
621 273 697 334 ἴσον
721 265 790 334 ἐστὶ
812 263 851 333 τὸ
875 270 992 332 ΚΛΝ
1008 271 1172 353 τρίγωνον

159 376 204 464 τῷ
227 381 303 441 ΛΠ
322 370 672 462 παραλληλογράμμῳ,
703 368 796 458 ἤχθω
822 368 878 438 διὰ
902 374 964 440 τοῦ
986 377 1027 438 Ν
1045 375 1087 460 τῇ
1110 377 1175 438 ΛΚ

159 478 372 568 παράλληλος
404 476 424 566 η
457 485 538 564 ΝΡ,
571 477 629 545 διὰ
662 476 700 545 δὲ
731 482 793 546 τοῦ
822 484 858 545 Κ
883 481 923 567 τῇ
951 483 1029 546 ΛΝ
1051 475 1073 565 ἡ
1103 484 1174 545 ΚΡ·

160 584 508 674 παραλληλόγραμμον
530 581 595 673 όρα
619 585 688 652 ἐστὶ
707 587 743 651 τὸ
763 591 829 651 ΛΡ
842 584 899 651 καὶ
919 583 1101 653 διπλάσιον
1119 585 1175 651 τοῦ

125 712 141 761 5
161 700 195 760 Κ
198 700 273 760 ΛΝ
287 691 467 781 τριγώνου·
487 689 572 760 ὥστε
585 690 641 758 καί
655 693 717 759 τοῦ
731 697 807 757 ΔΠ
817 689 1175 779 παραλληλογράμμου.

162 798 442 885 ἐκβεβλήσθωσαν
476 795 518 885 δὴ
552 799 590 863 αί
620 802 701 882 ΔΓ,
729 802 804 864 ΛΠ
832 796 885 865 έπὶ
911 795 952 864 τὰ
980 805 1029 882 Σ,
1058 804 1098 883 Τ,
1125 796 1175 864 ναὶ

160 912 287 973 κείσθω
319 909 359 993 τῇ
389 911 459 973 ΔΓ
487 912 542 990 ἴση
569 901 591 990 ἡ
620 909 700 989 ΓΣ,
727 906 767 992 τῇ
796 901 835 970 δὲ
863 909 937 970 ΛΠ
961 899 982 989 ἡ
1011 909 1098 988 ΠΤ,
1126 901 1175 970 καὶ

162 1014 347 1098 ἐπεζεύχθω
372 1009 392 1099 η
413 1016 491 1078 ΣΤ·
514 1010 865 1098 παραλληλόγραμμον
883 1007 949 1098 ἄρα
968 1009 1040 1077 ἐστὶ
1058 1013 1097 1078 τὸ
1113 1014 1178 1075 ΔΤ

163 1117 340 1186 διπλάσιον
357 1121 420 1186 τοῦ
438 1123 522 1184 ΔΠ·
543 1114 627 1184 ὥστε
645 1123 721 1183 ἴσου
739 1120 776 1184 τὸ
796 1121 863 1181 ΛΡ
876 1118 923 1205 τῷ
939 1121 1018 1183 ΛΣ.’
1053 1119 1123 1184 ἔστι
1142 1113 1175 1182 δέ

110 1242 143 1290 10
162 1222 251 1313 αὐτῷ
274 1224 329 1291 καὶ
349 1222 531 1310 ίσογοόνιου
552 1221 607 1289 διὰ
627 1225 664 1289 τὸ
678 1219 737 1300 τὰς
751 1225 833 1310 πρὸς
847 1224 892 1313 τῷ
908 1227 940 1288 Λ
954 1226 1083 1307 γωνίας
1095 1218 1173 1290 κατὰ

163 1329 317 1417 κορυφὴν
337 1330 441 1410 οὔσας
459 1339 532 1408 ἴσας
551 1325 650 1397 είναι·
673 1331 742 1396 τῶν
761 1327 799 1396 δὲ
820 1335 903 1395 ἴσωυ
916 1326 973 1394 καὶ
988 1331 1175 1414 ἰσογωνίων

163 1435 520 1525 παραλληλογράμμων
548 1431 837 1502 ἀντιπεπόνθασιν
865 1436 903 1500 αί
924 1432 1001 1520 περὶ
1025 1435 1086 1514 τὰς
1108 1443 1176 1512 ἴσας

163 1548 289 1628 γωνίας
324 1547 478 1628 πλευραί·
517 1545 608 1607 ἔστιν
640 1537 721 1628 όρα,
759 1536 802 1619 ὡς
833 1536 855 1626 ἡ
887 1544 955 1606 ΚΛ
987 1543 1074 1627 πρὸς
1105 1545 1175 1624 ΛΤ,

163 1648 312 1715 τουτέστι
330 1649 412 1731 πρὸς
432 1652 516 1730 ΔΣ,
535 1642 557 1730 ἡ
577 1651 647 1711 ΔΛ
664 1648 748 1733 πρὸς
767 1651 848 1731 ΛΝ,
866 1644 975 1713 καὶτὸ
989 1642 1056 1713 ὑπὸ
1072 1650 1179 1714 ΚΛΝ

111 1771 144 1820 15
164 1762 239 1820 ἴσον
263 1751 332 1818 ἐστὶ
354 1755 399 1843 τῷ
423 1748 489 1819 ὑπὸ
509 1758 624 1820 ΛΛΣ.
664 1752 721 1819 ναὶ
744 1752 813 1820 έπεῖ
838 1754 938 1838 διπλῇ
958 1754 1051 1821 ἐστιν
1069 1751 1090 1840 ἡ
1111 1758 1178 1822 ΔΣ

162 1861 220 1945 τῆς
244 1863 320 1943 ΛΓ,
343 1859 382 1925 τὸ
406 1856 471 1926 ὑπὸ
496 1865 530 1925 Κ
535 1866 606 1926 ΛΝ
629 1856 809 1926 διπλάσιόν
833 1859 901 1925 ἐστι
923 1861 985 1925 τοῦ
1008 1865 1122 1928 ΛΔΓ.

230 1962 289 2031 ἐὰν
317 1963 355 2032 δὲ
382 1963 402 2051 ἡ
426 1965 488 2054 μὲν
512 1972 583 2034 ΛΓ
600 1969 640 2054 τῇ
664 1971 738 2032 ΛΠ
758 1966 827 2032 ἐστι
849 1963 1074 2053 παράλληλος,
1097 1963 1118 2052 ἡ
1142 1964 1175 2032 δὲ

163 2079 234 2140 ΓΠ
248 2084 288 2161 τῇ
304 2077 373 2137 ΛΑ
391 2076 436 2158 μή
456 2075 524 2140 ἐστι
542 2072 764 2161 παράλληλος,
784 2070 959 2159 τραπέζιον
978 2071 1042 2159 μέν
1060 2076 1174 2160 δηλον-

165 2178 215 2246 ότι
239 2179 308 2246 έστὶ
331 2183 368 2246 τὸ
392 2185 547 2261 ΔΓΠΛ,
574 2178 630 2244 καὶ
659 2175 766 2256 οὕτως
789 2178 829 2244 δέ
855 2203 951 2264 φημι,
976 2175 1027 2247 ὅτι
1051 2182 1089 2247 τὸ
1112 2177 1172 2246 ὑπο

111 2303 145 2352 20
165 2291 277 2352 ΚΛΝ
303 2294 378 2352 ἴσον
407 2285 475 2353 ἐστὶ
503 2288 548 2374 τῷ
577 2280 644 2350 ὑπὸ
668 2291 739 2350 ΔΛ
761 2285 817 2351 καῖ
841 2287 1101 2373 συναμφοτέρου
1123 2288 1176 2371 της

165 2396 245 2476 ΓΛ,
269 2398 348 2458 ΛΠ.
403 2391 462 2458 ἐὰν
494 2389 557 2474 γὰρ
590 2391 628 2456 τὸ
660 2390 722 2475 μέν
755 2398 822 2457 ΛΡ
849 2389 1100 2478 ἀναπληρωθῇ,
1137 2388 1177 2469 ὡς

164 2503 374 2585 προείρηται,
399 2497 588 2582 έκβληθῶσι
612 2492 649 2560 δὲ
671 2494 728 2561 καὶ
752 2500 790 2562 αί
812 2501 889 2581 ΔΓ,
908 2502 993 2581 ΛΠ,
1016 2497 1075 2564 καὶ
1098 2499 1176 2583 τεθῇ

164 2609 203 2692 τη
232 2603 294 2691 μὲν
322 2609 396 2669 ΛΠ
421 2609 475 2686 ἴση
503 2597 524 2686 η
553 2605 633 2684 ΓΣ,
661 2603 700 2687 τῇ
730 2600 768 2668 δὲ
792 2608 863 2669 ΔΓ
884 2599 905 2687 ἡ
929 2607 1009 2687 ΠΤ,
1032 2603 1090 2670 καὶ
1115 2606 1177 2672 ἐπι-

166 2713 287 2797 ζευχθῇ
315 2705 336 2794 ἡ
365 2714 445 2791 ΣΤ,
473 2705 821 2794 παραλληλόγραμμον
850 2712 941 2775 έσται
968 2707 1006 2775 τὸ
1036 2715 1111 2776 ΔΤ
1133 2714 1178 2776 ὄι-

110 2832 145 2880 25
165 2814 309 2882 πλαίσιον
331 2822 392 2880 τοῦ
419 2818 507 2897 ΛΠ,
535 2811 591 2878 καλ
620 2809 640 2898 ἡ
669 2809 837 2894 ἀπόδειξις
865 2811 886 2900 ἡ
915 2810 1000 2899 αὐτὴ
1030 2812 1177 2902 ἁρμόσει.

164 2919 379 3005 χρησιμεόσει
403 2917 440 2985 δὲ
463 2922 562 2986 τοῦτο
587 2923 634 2998 είς
656 2920 694 2988 τὸ
719 2921 801 3006 ἑξῆς.

572 3065 643 3140 Είς
665 3060 707 3129 τὸ
731 3060 774 3129 ν’.

231 3169 279 3232 Λί
295 3166 436 3246 πτώσεις
448 3165 571 3234 τούτου
584 3172 645 3236 τοῦ
659 3167 877 3256 θεωρήματος
892 3166 1053 3248 ὡσαύτως
1067 3172 1179 3256 έχουσι

164 3286 236 3352 ταῖς
257 3275 318 3339 τοῦ
340 3273 410 3362 μγ’,
434 3271 557 3360 ὁμοίως
580 3274 617 3342 δέ
639 3275 695 3341 καὶ
718 3274 771 3342 ἐπὶ
794 3277 855 3341 τοῦ
877 3273 943 3341 υα’.

239 3402 261 3450 1.
278 3377 368 3452 ’ἐστίν
381 3399 425 3452 W.
516 3399 663 3471 τρίγωνον]
688 3415 742 3453 om.
762 3417 788 3467 p.
880 3403 904 3451 2.
930 3397 1005 3469 ΔΠ]
1030 3402 1090 3453 ΛΠ
1112 3401 1179 3468 Wp,

166 3484 235 3523 corr.
251 3469 355 3525 Comm.
419 3474 444 3525 4.
465 3467 540 3525 ἐστίν
559 3470 604 3524 W.
669 3476 694 3525 5.
714 3469 820 3540 ΚΛΝ]
841 3474 864 3524 Λ
882 3487 966 3539 supra
984 3486 1036 3523 scr.
1052 3489 1090 3527 m.
1107 3478 1121 3525 1
1137 3469 1180 3524 W.
