2444 3892
156 145 199 208 84
554 142 721 197 ΚΩΝΙΚΩΝ
739 144 757 196 ἃ
762 137 778 196 '.

157 292 235 371 ΘΔ,
259 284 313 351 καὶ
339 283 524 370 ἐπεζεύχθω
549 279 569 369 ἡ
592 292 676 369 ΑΔ,
699 282 755 350 καὶ
779 283 835 350 διὰ
859 287 922 350 τοῦ
946 290 982 350 Ε
1002 286 1096 370 παρὰ
1116 284 1170 372 τήν

156 407 226 467 ΑΔ
250 397 345 485 ἤχθω
369 395 389 484 ἡ
411 405 518 484 ΕΒΓ,
541 399 596 465 καὶ
620 396 684 466 ἀπὸ
707 405 815 466 τοῦΘ
838 399 981 485 δευτέρα
1001 398 1169 486 διάμετρος

157 512 253 600 ἤχθω
281 516 349 581 τῶν
378 510 617 601 ἀντικειμένων
644 510 665 599 ἡ
689 518 805 580 ΘΚΛ·
832 526 926 600 τεμεῖ
951 511 996 601 δὴ
1025 511 1088 601 τὴν
1112 518 1171 581 ΑΔ

158 634 234 714 δίχα
256 626 339 695 κατά
362 628 399 696 τὸ
425 635 465 695 K.
502 629 558 695 καὶ
581 627 718 716 ἑκατέρα
742 625 808 716 ἀρα
830 630 898 696 τῶν
921 634 998 715 ΕΒ,
1018 634 1089 697 ΕΓ
1108 631 1171 714 δίχα

124 744 314 831 στέτμηται
342 742 424 810 κατὰ
452 741 490 811 τὸ
520 751 559 810 Λ.
606 752 661 828 λ’ση
690 743 756 831 ἀρα
783 739 803 828 ἡ
832 749 899 809 ΒΛ
925 745 967 831 τῇ
995 749 1075 827 ΛΓ·
1104 739 1171 827 ὅπερ

158 856 337 928 ἀδύνατον.
380 854 441 926 οὐκ
464 856 530 945 ἀρα
554 861 800 945 συμπεσοῦνται
823 853 894 924 κατ’
921 854 1005 926 ἀλλο
1030 871 1169 946 σημεῖον.

635 1121 701 1208 νν’.

222 1264 302 1334 ’Βάν
329 1263 499 1351 ὑπερβολὴ
532 1268 610 1351 μιάς
641 1268 709 1332 τῶν
740 1262 979 1351 ἀντικειμένων
1006 1261 1093 1332 κατά
1118 1260 1168 1331 ὃάι

161 1395 278 1469 σημεῖα
307 1383 506 1466 ἐφάπτηται,
535 1376 555 1465 ἡ
585 1378 795 1466 ἀντικειμένη
820 1376 904 1467 αὐτῇ
927 1381 969 1467 τῇ
994 1380 1093 1469 ἑτέρᾳ
1112 1379 1169 1447 τάν

108 1509 140 1557 10
163 1494 400 1581 ἀντικειμένων
425 1491 466 1562 οὐ
490 1507 713 1581 συμπεσεῖται.

229 1624 377 1685 ἔστωσαν
405 1616 629 1706 ἀντικείμεναι
654 1620 692 1684 αλ
712 1624 832 1703 ΑΔΒ,
856 1624 901 1702 Ε,
928 1616 985 1685 καὶ
1008 1613 1167 1707 ὑπερβολὴ

160 1730 179 1818 ἡ
204 1738 272 1800 ΑΓ
295 1737 353 1818 τῆς
377 1739 481 1799 ΑΔΒ
510 1732 708 1820 ἐφαπτέσθω
736 1728 819 1800 κατὰ
842 1730 906 1798 δύο
930 1744 1053 1818 σημεῖα
1075 1732 1115 1802 τά
1134 1738 1169 1815 A,

112 1914 117 1935 ·.
160 1856 198 1934 Β,
221 1848 277 1915 καὶ
301 1853 383 1916 ἐστω
408 1845 617 1934 ἀντικειμένη
641 1853 700 1934 τῆς
718 1843 827 1939 Ab}
848 1853 884 1915 Ζ.
920 1846 1018 1933 λέγω,
1040 1847 1091 1915 ὅτι
1112 1842 1169 1933 ἡΖ

160 1968 200 2053 τῆ
223 1972 255 2032 Ε
277 1962 318 2032 οὐ
343 1978 567 2052 συμπεσεῖται.

110 2107 142 2156 15
229 2094 259 2156 εἰ
280 2089 345 2177 γὰρ
369 2088 527 2174 δυνατόν,
548 2087 757 2173 συμπιπτέτω
775 2081 857 2152 κατά
877 2081 915 2151 τὸ
935 2091 976 2170 Β,
994 2085 1053 2154 καὶ
1071 2086 1172 2173 ἤχθω

161 2226 225 2272 σαν
253 2203 317 2272 ἀπὸ
347 2209 414 2272 τῶν
437 2213 483 2289 Α,
507 2211 535 2270 Β
560 2201 786 2288 ἐφαπτόμεναι
811 2202 879 2267 τῶν
902 2190 1016 2286 τομάν
1040 2203 1080 2268 αἱ
1099 2196 1175 2282 ΑΗ,

161 2328 235 2405 ΗΒ,
259 2321 315 2386 καὶ
338 2313 565 2404 ἐπεζεύχθωὴ
620 2376 645 2427 Α

162 2441 229 2500 ΑΒ
261 2435 316 2501 καὶ
348 2431 369 2519 ἡ
408 2439 485 2500 ΕΗ
511 2430 565 2496 καὶ
656 2461 664 2471 ·

163 2549 391 2634 ἐκβεβλήσθω·
414 2559 505 2632 τεμεῖ
522 2545 563 2630 δὴ

110 2681 144 2730 20
162 2660 233 2730 κατ’
246 2662 327 2730 ἀλλο
343 2663 398 2729 καὶ
414 2660 496 2728 ἀλλο
510 2681 566 2745 ση-
605 2637 627 2687 θ
670 2681 713 2723 Δ·
763 2690 770 2708 ¹

164 2790 259 2865 μεῖον
274 2777 332 2857 τάς
346 2776 456 2862 τομάς.
482 2780 565 2842 ἐστω

165 2891 205 2978 δὴ
243 2890 287 2971 ὡς
323 2889 343 2978 ἡ
384 2896 566 2958 mm.
664 2910 668 2917 ¹

165 3008 231 3074 ἐπεὶ
268 2999 330 3074 οὖν
361 3004 566 3091 ἐφάπτονται
608 2968 634 3014 B

166 3124 203 3186 αι’
219 3127 301 3206 ΑΗ,
321 3126 401 3202 ΗΒ,
425 3120 480 3185 καὶ
504 3119 524 3205 ἡ
544 3129 609 3189 ΑΒ
632 3120 691 3201 τὰς
715 3118 802 3208 ἀφάς
827 3121 1007 3205 ἐπέζευξεν,
1031 3124 1122 3188 ἔσται
1142 3121 1177 3187 ἐν

112 3250 144 3297 25
165 3234 226 3318 μέν
254 3239 293 3321 τῇ
323 3234 418 3322 ἑτέρᾳ
447 3240 599 3326 συζυγίᾳ,
632 3234 675 3316 ὡς
703 3232 724 3323 ἡ
754 3243 819 3303 ΘΕ
843 3233 926 3323 πρὸς
952 3241 1036 3320 ΕΗ,
1069 3232 1091 3322 ἡ
1115 3239 1178 3301 ΘΔ

163 3345 245 3434 πρὸς
265 3355 349 3433 ΔΗ,
375 3350 412 3416 ἐν
432 3349 470 3417 δὲ
492 3353 532 3439 τῇ
551 3351 646 3442 ἑτέρα
669 3349 690 3438 ἡ
710 3357 775 3418 ΘΓ
795 3349 879 3439 πρὸς
896 3356 975 3416 ΓΗ·
1000 3347 1084 3438 ὅπερ
1103 3346 1179 3417 &615-

165 3489 277 3531 νατσν.
321 3460 383 3531 οὐκ
408 3463 473 3553 ἀρα
496 3462 516 3552 ἡ
543 3472 569 3530 Ζ
591 3477 632 3553 τῇ
657 3473 688 3532 Β
710 3464 900 3552 συμβάλλει.
