2444 3892
253 152 403 204 aurocn
421 151 685 206 connumerem
702 152 741 207 m
761 152 902 207 comcs.
1016 153 1082 218 285

133 294 171 359 ln
195 293 329 361 scholiis
351 298 429 378 post
450 316 541 379 prop.
560 294 591 360 X
612 298 724 379 [supra
737 318 768 379 p.
782 296 861 378 214]
882 295 1082 380 dictumest,

63 402 142 488 quid
172 399 255 465 XIII
282 401 396 484 primia
423 402 637 467 theorematis
666 402 709 467 sit
735 403 954 488 propositum,
987 408 1019 469 et
1045 404 1081 467 in

65 508 200 575 scholiis
220 507 260 572 ad
274 529 365 591 prop.
380 506 459 573 XVI
479 511 592 591 [supra
605 530 637 591 p.
651 509 726 592 222,
740 509 785 573 24
799 512 832 572 et
844 532 875 593 p.
890 510 982 596 224],
1004 510 1082 595 quid

63 616 170 681 tribus
203 614 413 698 sequentibus
445 615 665 699 propositum,
699 615 865 680 sciendum
893 621 1014 700 autem,
1047 618 1082 681 in

65 742 159 806 prop.
182 718 280 784 XVII
308 740 382 783 eum
409 719 529 804 dicere,
556 724 681 786 rectam
707 744 765 805 per
792 721 946 787 uerticem
974 727 1081 787 rectae

65 826 215 891 ordinate
247 825 362 890 ductae
391 825 584 909 parallelam
611 826 741 891 ductam
769 830 863 892 extra
890 827 1016 912 cadere,
1048 830 1083 893 in

65 954 157 1018 prop.
180 930 293 997 XVIII
316 934 427 996 autem
450 931 538 1016 dicit,
560 935 683 997 rectam
705 935 813 997 rectae
837 934 1082 1018 quoquomodo

64 1039 218 1124 tangenti
239 1039 329 1102 intra
352 1039 527 1104 sectionem
547 1040 736 1122 parallelum
758 1038 887 1104 ductam
906 1041 1083 1106 sectionem

67 1166 187 1230 secare,
209 1144 245 1208 in
266 1166 359 1228 prop.
383 1143 460 1208 XIX
486 1146 603 1229 autem,
626 1149 749 1210 rectam
772 1148 813 1212 ab
833 1146 942 1231 aliquo
961 1151 1082 1231 puncto

66 1249 219 1315 diametri
264 1255 373 1315 rectae
420 1250 567 1316 ordinate
615 1251 728 1317 ductae
773 1236 964 1336 parallelam
1010 1274 1082 1317 cum

67 1357 214 1422 sectione
246 1378 449 1442 concurrere,
481 1357 516 1421 in
549 1379 663 1442 propp.
695 1357 756 1423 XX
785 1363 818 1423 et
844 1358 923 1424 XXI
950 1360 1084 1444 quaerit,

68 1484 134 1548 qno
159 1463 256 1528 modo
278 1467 387 1528 rectae
410 1464 445 1528 in
468 1465 667 1530 sectionibus
692 1465 839 1530 ordinate
863 1465 977 1531 ductae
1000 1466 1084 1530 inter

68 1592 103 1635 se
131 1574 165 1635 et
193 1570 234 1634 ad
260 1573 370 1654 partes
398 1570 547 1636 diametri
576 1573 617 1637 ab
646 1572 686 1636 iis
714 1573 844 1637 effectas
873 1594 907 1636 ae
929 1572 1084 1656 habeant,

67 1676 102 1742 in
134 1698 250 1760 propp.
281 1675 377 1741 XXII
410 1679 442 1741 et
473 1675 588 1742 XXIII
621 1678 659 1743 de
691 1681 780 1744 recta
812 1680 969 1765 loquitur,
1002 1699 1084 1764 quae

68 1804 143 1848 eum
195 1782 337 1848 sectione
386 1783 422 1847 in
472 1783 598 1849 duobus
647 1786 776 1868 punctis
827 1785 1001 1870 concurrit,
1051 1786 1086 1850 in

69 1911 186 1974 propp.
214 1887 462 1955 XXIV—XXV
491 1890 530 1954 de
554 1893 657 1973 recta,
685 1913 766 1974 quae
790 1913 864 1956 cum
887 1893 1028 1957 sectione
1051 1893 1086 1956 in

68 2018 136 2061 nno
163 1998 287 2079 puncto
316 1996 478 2061 concurrit
507 1997 575 2061 siue
602 1996 777 2080 contingit,
803 1997 838 2060 in
861 2019 952 2081 prop.
974 1995 1086 2062 XXVI

69 2102 109 2165 de
136 2105 227 2165 recta
255 2101 413 2166 diametro
440 2102 616 2186 parabolae
644 2102 903 2188 hyperbolaeque
928 2103 1086 2186 parallelo

69 2207 181 2282 ducta,
209 2207 244 2272 in
270 2229 362 2293 prop.
385 2207 513 2273 XXVII
539 2210 662 2273 rectam
689 2208 884 2273 diametrum
908 2210 1085 2293 parabolae

70 2317 235 2379 secantem
280 2314 444 2399 utrimque
491 2336 564 2379 cum
610 2316 752 2381 sectione
798 2336 1002 2395 concurrere,
1051 2316 1086 2380 in

70 2441 164 2505 prop.
187 2418 335 2485 XXVIII
359 2420 397 2485 de
420 2424 517 2504 recta,
541 2443 623 2507 quae
646 2424 753 2486 rectae
775 2421 967 2487 alterutram
987 2444 1086 2506 oppo-

70 2527 209 2591 sitarum
233 2527 438 2611 contingenti
461 2528 619 2611 parallela
642 2527 784 2611 ducitur,
810 2527 844 2591 in
867 2550 957 2612 prop.
977 2527 1087 2593 XXIX

70 2632 111 2697 de
153 2635 243 2698 recta
284 2655 342 2717 per
384 2637 530 2698 centrum
573 2635 795 2718 oppositarum
836 2634 1007 2717 producta,
1053 2636 1087 2700 in

70 2760 163 2823 prop.
191 2737 286 2805 XXX
313 2739 404 2823 dicit,
431 2744 555 2805 rectam
582 2762 641 2823 per
669 2744 815 2805 centrum
839 2741 962 2824 ellipsis
986 2763 1087 2826 oppo-

71 2845 275 2930 sitarumque
298 2844 489 2929 productam
513 2846 548 2909 in
570 2846 651 2911 duas
673 2850 784 2930 partes
805 2848 957 2930 aequales
976 2849 1087 2934 secari,

70 2952 105 3017 in
124 2972 217 3035 prop.
237 2950 346 3015 XXXI
363 2950 449 3035 dicit,
467 2951 500 3015 in
515 2952 696 3037 hyperbola
709 2954 832 3018 rectam
847 2956 1088 3039 contingentem

70 3057 158 3122 inter
202 3057 357 3122 uerticem
401 3061 610 3143 centrumque
652 3059 846 3123 diametrum
887 3081 1008 3145 secare,
1054 3061 1089 3124 in

71 3185 187 3248 propp.
210 3161 349 3246 XXXII,
373 3163 529 3250 XXXIII,
552 3162 703 3249 XXXIV,
726 3163 858 3246 XXXV,
881 3165 1026 3231 XXXVI
1049 3167 1088 3230 de

74 3387 187 3459 ἔχουσιν
206 3390 251 3446 W.
343 3398 386 3446 17.
405 3391 572 3463 τεμνούσης]
591 3409 623 3461 p,
648 3391 786 3461 τεμούσης
803 3392 848 3448 W.
941 3399 982 3448 19.
1006 3393 1089 3465 τομῇ]

72 3474 107 3549 vll
126 3514 154 3567 p,
172 3494 205 3553 τό
225 3497 271 3552 W.
345 3502 388 3551 26.
407 3493 449 3568 γ’]
469 3514 484 3552 e
504 3514 573 3553 corr.
593 3516 620 3567 p.
