2444 3892
125 143 192 208 306
413 140 675 194 υοωττετιτεειε
692 139 860 203 mmm

128 288 190 371 δεῖ,
214 288 331 371 φησίν,
353 295 572 371 παρατηρεῖν,
595 277 680 348 ὥστε
703 280 794 359 ἐκτὸς
817 275 906 347 εἶναι
929 277 1090 367 ἀλλήλων
1106 277 1143 348 τὰ

127 402 257 478 σημεῖα,
282 388 365 459 ἀλλὰ
390 390 435 477 μὴ
459 390 499 456 τὰ
525 395 568 473 Α,
586 394 615 453 Β
631 436 728 455 .....

194 499 248 563 δεῖ
269 494 306 564 δὲ
329 495 472 580 εἰδέναι,
502 491 553 562 ὅτι
575 491 633 560 καὶ
654 491 708 560 ἐπὶ
732 491 975 578 έφαπτομένωυ
998 489 1040 560 τὰ
1065 490 1144 560 αὐτὰ

127 606 312 688 συμβαίνει.

91 722 107 770 ο
521 709 591 784 Είς
613 706 655 772 τὸ
678 701 748 803 κη’.

183 831 299 914 ’Ἁξιον
314 830 559 912 ἐπισκέψασθαι
570 824 632 914 τὴν
642 829 807 895 δοθεῖσαν
816 829 854 895 έν
865 827 1010 921 ἐπιπέδῳ
1020 830 1146 916 καμπύ·

127 947 191 1026 λην
211 935 378 1026 γραμμήν,
402 934 546 1022 πότερον
563 931 689 1001 κύκλου
707 932 778 1001 έστὶ
796 933 992 1021 περιφέρεια
1011 930 1032 1021 ἢ
1054 936 1145 1021 ἑτέρα

126 1072 177 1125 τις
198 1048 267 1113 τῶν
289 1046 394 1131 τριωυ
415 1044 477 1110 τοῦ
495 1037 609 1108 κοίνου
626 1042 741 1126 τομῶν
760 1034 781 1124 ἢ
800 1034 886 1126 ἄλλη
902 1039 996 1127 παρὰ
1014 1039 1144 1121 ταύτας.

190 1156 273 1218 ἔστω
297 1147 340 1235 δὴ
363 1145 384 1234 ἡ
409 1152 523 1233 ΑΒΓ,
554 1144 610 1213 καὶ
637 1149 829 1233 προκείσθω
857 1147 895 1213 τὸ
924 1142 1018 1226 εἶδος
1045 1145 1146 1234 αὐτῆς

75 1267 109 1318 10
129 1260 370 1337 ἐπισκέψασθαι
393 1257 453 1322 τὸν
478 1252 655 1342 εἰρημένον
677 1249 814 1339 τρόπον.
917 1291 920 1296 -

198 2353 349 2441 εἰλήφθω
378 2351 454 2421 τινὰ
483 2366 603 2439 σημεῖα
630 2355 682 2421 ἐπὶ
710 2358 769 2441 τῆς
796 2357 949 2442 γραμμῆς
971 2353 1013 2421 τὰ
1037 2361 1082 2441 Γ,
1101 2362 1141 2440 Δ,

129 2461 183 2527 καὶ
211 2462 373 2547 ἤχθωσαν
401 2455 457 2526 διὰ
480 2461 548 2525 τῶν
571 2464 609 2544 Γ,
630 2468 664 2526 Δ
687 2465 834 2547 σημείων
856 2458 1066 2547 παράλληλοι
1090 2458 1141 2527 ἀλ-

129 2565 246 2652 λήλαις
260 2563 395 2633 εὐθεῖαί
404 2590 493 2643 τινες
507 2567 544 2631 αι’
556 2570 629 2650 ΓΒ,
640 2575 673 2631 Δ
679 2573 711 2631 Ε
723 2568 817 2646 ἐντὸς
826 2565 1142 2654 ἀπολαμβανόμεναι

129 2675 187 2756 τῆς
209 2682 372 2757 γραμμῆς,
395 2670 451 2737 καὶ
474 2668 576 2736 πάλιν
600 2666 664 2738 τἰπὸ
687 2675 755 2738 τῶν
780 2678 818 2759 Γ,
837 2680 871 2739 Δ
894 2673 1003 2759 ἕτεραι
1020 2671 1143 2759 παράλ-

129 2791 200 2797 -,.-
210 2791 343 2798 ——...-

201 2846 233 2898 In
251 2847 297 2916 fig.
314 2852 328 2899 1
344 2845 400 2901 litt.
417 2849 453 2914 H,
469 2849 494 2899 Ε
512 2848 656 2916 permutat
669 2848 715 2918 W,
737 2850 761 2903 Θ
776 2865 844 2916 om.;
863 2848 893 2903 in
907 2849 953 2918 fig.
969 2855 985 2903 2
1005 2848 1062 2904 litt.
1079 2854 1143 2919 Γ,Δ

130 2918 158 2969 et
178 2918 211 2983 Θ,
226 2922 254 2970 K
268 2919 420 2987 permutat.

201 3099 226 3148 2.
245 3089 411 3160 ἀλλὰ-Α,
425 3095 460 3165 Β]
481 3112 535 3150 om.
554 3095 661 3151 Oomm.
726 3092 763 3166 μὴ
780 3091 817 3159 ὡς
833 3096 868 3151 τοί
887 3095 998 3166 Halley.
1064 3102 1096 3166 A,
1113 3097 1144 3168 B]

129 3162 173 3218 bis
192 3163 232 3234 (in
250 3164 305 3217 fine
324 3164 354 3218 et
372 3164 454 3220 initio
473 3166 522 3223 lin.
551 3167 596 3235 W,
614 3167 659 3222 bis
678 3168 765 3222 etiam
805 3207 810 3220 .
883 3167 953 3222 Post
971 3172 993 3221 Β
1013 3166 1144 3224 lacunam

130 3237 232 3300 εοοοαο,
252 3250 324 3305 quae
342 3235 383 3290 sie
396 3235 455 3290 fere
470 3254 522 3307 exp
536 3239 608 3292 enda
623 3241 677 3294 est:
697 3238 803 3308 μεταξν
822 3239 879 3292 τῶν
895 3242 926 3306 Γ,
941 3242 968 3291 Δ
986 3231 1004 3306 ἢ
1020 3234 1056 3292 τὰ
1073 3243 1145 3308 Γ,Δ

130 3303 234 3375 μεταξὺ
258 3306 313 3360 τῶν
337 3312 371 3374 Α,
392 3312 422 3362 Β.
464 3306 518 3361 Pro
541 3313 605 3380 AB,
623 3315 672 3363 AB
696 3309 762 3365 hab.
781 3313 844 3377 ΑΒ,
865 3312 914 3362 ΓΔ
936 3325 992 3378 mg.
1011 3326 1049 3362 m.
1072 3309 1144 3377 2113

131 3381 190 3448 AF,
206 3383 258 3431 ΒΔ
272 3376 382 3446 Halley.
443 3385 467 3433 3.
488 3375 551 3452 ίπί]
570 3398 597 3449 p,
617 3375 684 3436 ἐπεί
700 3380 745 3435 W.
804 3385 830 3434 4.
849 3378 1011 3452 συμβαίνει]
1031 3379 1145 3450 Halley,

130 3486 296 3557 συμβαίνειν
310 3485 379 3554 Wp.
440 3492 464 3540 7.
485 3480 560 3541 ἐστίν
574 3485 630 3540 W:
673 3482 842 3557 περιφέρεια
856 3480 887 3556 ἥ]
905 3463 1001 3556 ἷωβι.
1017 3501 1043 3540 e.
1069 3505 1145 3558 περι·
