2452 3900
396 138 610 191 CONIGORUM
626 141 736 191 LIBER
753 141 799 193 IV.
1058 139 1102 203 33

88 282 243 367 opposite
265 302 464 365 consumere,
486 284 656 365 rectasque
680 305 700 345 e
721 283 851 367 punctis
870 303 1044 347 concursus
1064 284 1107 348 cd

90 393 126 453 A
149 388 264 453 ductes
288 387 448 453 sectiones
472 389 671 471 contingere.

158 493 316 559 ducentur
347 494 434 558 enim
467 516 487 558 a
514 498 548 557 A
579 497 749 578 utramque
778 495 954 560 sectionem
982 496 1107 560 contin-

88 602 204 685 gentes
223 601 300 683 AE,
315 603 348 662 A
354 602 394 683 Z3
413 598 524 682 itaque
542 601 630 663 recte
647 620 706 683 per
725 603 763 680 E,
779 603 807 662 Z
825 599 922 664 ducto
939 622 998 683 per
1016 605 1058 685 K,
1071 606 1114 666 H

87 706 210 771 ueniet.
249 725 325 768 nem
350 704 378 767 si
402 704 519 788 minus,
541 707 599 767 cut
620 725 679 787 per
702 704 841 768 alterum
865 727 975 770 corum
998 708 1109 771 ueniet

89 814 150 876 ent
178 830 236 896 per
262 812 427 893 neutrum,
459 830 635 893 rursusque
664 809 775 874 eodem
805 810 901 875 modo
930 811 1107 878 absurdum

89 916 318 983 concludemus
343 913 420 995 [llI‚
444 914 511 995 39].

566 1108 636 1172 ΧΧ.

160 1230 220 1298 sin
242 1237 399 1316 punctum
423 1235 588 1315 sumptum
611 1233 646 1295 in
671 1233 829 1296 alterutro
848 1236 1106 1318 asymptoterum

87 1340 236 1425 positum
256 1342 314 1423 est,
334 1338 511 1421 etreliqua
530 1338 641 1402 eedem
659 1338 752 1422 fiunt,
770 1340 859 1403 recta
878 1361 936 1422 per
948 1341 1107 1406 terminos

88 1466 279 1511 excessuum
313 1444 410 1509 ducta
441 1444 601 1527 parallelo
633 1445 696 1508 erit
728 1448 944 1530 esymptotee,
976 1447 1010 1511 in
1044 1470 1109 1532 quo

88 1554 250 1636 punctum
273 1550 414 1633 positum
440 1552 496 1633 est,
521 1554 553 1614 et
572 1555 661 1616 recta
680 1573 700 1615 a
719 1555 840 1634 puncto
860 1552 957 1619 ducta
975 1553 1016 1617 ed
1035 1575 1109 1618 con-

89 1678 224 1723 cursum
248 1655 400 1721 sectionis
421 1658 590 1740 rectaeque
607 1678 666 1740 per
683 1658 840 1722 terminos
860 1658 975 1723 ductae
995 1658 1110 1724 sectio-

87 1784 167 1827 nem
190 1763 368 1847 continget.

160 1867 227 1933 sint
254 1869 424 1953 oppositae
452 1873 497 1952 A,
515 1872 558 1951 Β,
592 1871 624 1930 et
650 1872 808 1950 punctum
832 1876 865 1932 A
892 1872 926 1934 in
950 1870 1108 1935 alterutra

89 1977 352 2059 asymptotarum
367 1975 420 2058 sit,
438 1974 628 2059 reliquaque
644 1973 756 2037 eedem
770 1974 860 2039 fient.
884 1975 964 2050 dico,
983 1979 1107 2039 rectem

88 2102 151 2167 per
173 2084 216 2163 K,
234 2082 274 2144 H
291 2079 421 2144 ductum
445 2101 518 2144 cum
542 2079 683 2143 sectione
702 2099 899 2163 concurrere,
921 2082 1108 2165 rectamque

90 2208 113 2252 o
130 2189 251 2271 puncto
271 2207 444 2251 concursus
464 2185 504 2248 cd
519 2189 552 2248 A
572 2185 701 2250 ductam
719 2185 893 2250 sectionem
909 2186 1108 2270 contingere.

161 2298 231 2355 aA
254 2290 446 2376 contingens
471 2290 607 2355 ducetur
624 2294 658 2353 A
663 2295 700 2373 Z,
723 2294 757 2355 ot
779 2312 799 2353 c
818 2294 845 2353 Z
866 2294 955 2356 recte
973 2291 1110 2357 ducetur

91 2400 300 2482 asymptotae
332 2396 504 2480 parallelo,
535 2397 569 2459 in
603 2418 667 2481 que
699 2399 750 2460 est
778 2400 825 2479 A3
858 2419 897 2462 ee
924 2398 1024 2482 igitur
1050 2419 1110 2481 per

90 2504 139 2587 K,
156 2506 193 2567 Η
213 2503 331 2567 ueniet.
375 2524 452 2566 nam
476 2504 504 2567 si
527 2503 648 2586 minus,
677 2506 733 2567 aut
754 2524 811 2587 per
835 2504 972 2567 alterum
996 2525 1109 2568 eorum

90 2607 202 2675 ueniet
229 2612 287 2673 eut
313 2630 371 2692 per
397 2612 563 2693 neutrum,
591 2612 624 2672 et
651 2608 761 2672 eedem
786 2609 935 2671 euenient
958 2607 1109 2692 absurde,

90 2734 176 2801 quae
198 2717 296 2779 antee
319 2713 397 2798 [ΠΙ,
417 2715 483 2796 36].

559 2908 645 2972 ΧΧΙ.

161 3030 288 3097 Rursus
313 3031 470 3096 sectiones
495 3032 664 3116 oppositae
688 3032 754 3096 sint
775 3036 821 3115 A,
839 3035 877 3105 B,
901 3034 933 3094 et
956 3036 990 3093 A
1011 3050 1109 3113 punc·

90 3142 165 3205 tum
187 3138 222 3201 in
246 3137 402 3202 alterutro
426 3140 685 3222 asymptoterum
709 3137 761 3220 sit,
785 3142 818 3201 et
836 3140 944 3200 ABK
961 3136 1057 3200 elteri
1075 3158 1109 3201 a·

93 3246 281 3329 eymptotce
308 3243 465 3327 parallelo
494 3264 566 3307 cum
591 3243 730 3307 sectione
753 3242 788 3304 in
810 3263 874 3306 uno
899 3245 1017 3325 puncto
1038 3243 1109 3308 solo

91 3352 125 3413 Β
153 3352 336 3433 concurret,
365 3352 460 3413 ΓΔΘ
483 3352 590 3413 autem
614 3369 687 3413 cum
710 3351 845 3432 utreque
870 3348 1011 3413 sectione
1035 3369 1110 3413 con-

92 3444 227 3539 currat,
249 3456 355 3539 sitque
387 3457 614 3519 rA2Ao=
631 3456 801 3517 ΓΗιΗΘ
834 3458 866 3518 et
893 3457 1110 3517 nK=An

98 3586 103 3595 ·
148 3564 334 3620 Apollonius,
353 3568 387 3609 ed.
401 3568 510 3618 Helberg.
532 3567 563 3606 IL
933 3563 949 3611 3
