2444 3892
129 130 194 194 246
410 127 673 182 COMMENTARIA
690 125 860 190 ιυυιςυι.

129 270 235 358 αὐτήν
259 275 368 339 αἰτίαν
392 270 448 337 καὶ
471 266 509 337 τὸ
533 265 598 337 άπὸ
618 274 679 336 ΓΘ
700 271 763 336 τοῦ
784 263 852 335 ὑπὸ
877 273 975 334 ΑΘΒ
995 262 1149 356 ὑπερέχει

128 388 173 470 τῷ
199 373 264 443 άπὸ
290 381 363 443 ΓΒ·
388 372 472 444 ὥστε
496 374 611 463 ὀρθῶς
634 383 761 462 είρηται
783 370 821 440 τὸ
846 371 1004 441 διελόντι.

525 573 595 649 Είς
616 567 660 637 τὸ
683 567 747 655 λβ’.

193 696 249 764 Ἐν
291 706 336 789 τῷ
380 694 644 786 ἑπτακαιδεκάτῳ
685 691 879 781 θεωρήματι
916 676 1147 782 ἁπλούστερον

96 805 269 889 εέδειξεν,
294 801 344 871 ὅτι
368 798 388 888 ή
413 802 469 869 διὰ
493 804 551 888 τῆς
573 811 725 888 κορυφῆς
746 797 837 887 παρὰ
854 798 916 886 τήν
934 802 1147 896 κατηγμένην

127 911 334 997 τεταγμένως
354 907 500 994 ἀγομένη
524 906 713 994 ἐφάπτεται,
738 908 888 974 ἐνταῦθα
907 904 944 973 δὲ
962 904 1001 973 τὸ
1022 908 1061 974 έν
1080 921 1147 988 τοῖς

128 1021 304 1103 στοιχείοις
327 1015 379 1082 ἐπὶ
401 1016 463 1081 τοῦ
486 1012 613 1080 κύκλου
637 1011 746 1100 μόνου
770 1013 987 1098 δεδειγμένου
1009 1021 1145 1082 καθολι-

127 1122 274 1211 κάτερον
294 1123 347 1190 ἐπὶ
369 1120 478 1207 πάσης
499 1119 613 1187 κώνου
636 1128 739 1205 τομῆς
757 1115 909 1205 ὑπάρχον
928 1120 1143 1188 ἐπιδείκνυσι.

196 1234 250 1296 δεῖ
270 1230 384 1316 μέντοι
406 1230 590 1313 ἐπιστήσαι,
610 1223 691 1309 ὅπερ
710 1222 807 1291 κάκεῖ
824 1226 970 1311 ἐδείχθη,
995 1223 1049 1293 ὅτι
1068 1253 1145 1314 καμ-

76 1356 110 1405 10
129 1335 239 1420 πάλην
267 1335 328 1422 μὲν
358 1343 438 1413 ίσως
464 1330 621 1422 γραμμήν
650 1330 751 1400 οὐδὲν
779 1329 905 1399 άτοπόν
934 1333 1025 1400 ἐστιν
1056 1335 1145 1421 ε’μπί·

128 1467 221 1509 πτειν
249 1440 371 1529 μεταξὺ
397 1445 457 1526 τῆς
479 1439 615 1519 εὐθείας
636 1439 693 1506 καὶ
715 1442 773 1525 τῆς
794 1441 914 1525 τομῆς,
943 1434 1086 1507 εὐθεῖαν
1110 1438 1144 1506 δὲ

128 1546 313 1634 ἀμήχανον·
345 1558 438 1632 τεμεῖ
462 1544 527 1631 γὰρ
556 1542 639 1630 αὕτη
667 1542 730 1631 τήν
756 1544 863 1631 τομήν
891 1543 946 1610 καὶ
977 1541 1041 1612 οὐκ
1070 1544 1143 1632 έφά·

128 1666 238 1732 φεται·
263 1651 326 1718 δύο
349 1649 414 1738 γάρ
439 1651 671 1736 ἐφαπτομένας
693 1649 828 1731 εὐθείας
850 1648 933 1718 κατὰ
957 1655 1020 1718 τοῦ
1041 1650 1144 1720 αὐτοῦ

128 1762 268 1844 σημείου
291 1754 379 1824 εἶναι
402 1755 583 1826 ἀδύνατον.

76 1884 109 1932 15
195 1863 413 1952 πολυτρόπως
442 1866 658 1952 δεδειγμένου
689 1865 812 1932 τούτου
838 1867 900 1931 τοῦ
927 1863 1143 1965 θεωρήματος

128 1973 165 2038 ἐν
198 1971 376 2061 διαφόροις
409 1972 582 2041 ἐκδόσεσιν
613 1969 706 2060 ἡμεῖς
732 1970 795 2058 τῆν
823 1967 996 2051 άπόδειξιν
1025 1968 1142 2040 ἁπλου-

129 2079 249 2166 στέραν
272 2080 327 2146 καὶ
352 2082 560 2167 σαφεστέραν
585 2078 794 2167 ἐποιήσαμεν.

525 2276 594 2352 Είς
616 2273 658 2339 τὸ
683 2271 748 2339 λδ’.

195 2407 261 2465 Δεῖ
282 2401 465 2486 ἐπιστῆσαι,
489 2395 540 2464 ὅτι
563 2393 583 2480 ῆ
607 2401 675 2462 ΓΔ
697 2397 884 2482 κατηγμένη
910 2397 962 2463 ἐπὶ
985 2395 1050 2483 τήν
1074 2396 1142 2465 διά-

75 2523 110 2572 20
129 2530 251 2591 μετρον
276 2506 328 2571 ἐπὶ
352 2504 413 2591 μὲν
436 2506 494 2589 τῆς
515 2504 703 2589 ὑπερβολῆς
723 2502 781 2582 τάς
800 2510 878 2589 ΑΒ,
898 2512 968 2570 ΛΑ
988 2501 1143 2591 ὁρίζουσα

128 2614 191 2697 τήν
218 2617 285 2676 ΒΑ
312 2611 551 2698 καταλιμπάνει
580 2606 785 2694 ὀφείλουσαν
811 2618 983 2696 τμηθῆναι
1012 2615 1060 2691 είς
1087 2611 1144 2680 τὸν

127 2721 196 2784 τῶν
219 2723 323 2782 ΒΔΑ
346 2717 465 2802 λόγον,
494 2716 546 2782 ἐπὶ
571 2713 608 2782 δὲ
633 2718 693 2800 τής
720 2716 897 2797 ἐλλείψεως
919 2717 974 2783 καὶ
997 2722 1060 2786 τοῦ
1086 2718 1141 2786 κύ-

127 2831 210 2890 κλου
230 2821 395 2890 άνάπαλιν
414 2820 475 2908 τήν
495 2830 560 2889 ΒΑ
581 2822 749 2908 τέμνουσα
768 2825 815 2901 είς
832 2817 1021 2910 ὡρισμένον
1040 2824 1143 2911 λόγον

128 2930 188 2996 τὸν
219 2933 287 2996 τῶν
315 2936 420 2996 ΒΔΑ
453 2931 614 3014 ἐπιζητεῖν
647 2926 733 3016 ήμάς
765 2942 855 2996 ποιεῖ
884 2928 945 2997 τὸν
971 2933 1040 2998 τῶν
1070 2938 1143 3015 ΒΕ,

74 3050 109 3099 25
128 3041 207 3100 EA·
237 3032 338 3101 οὐδὲν
366 3035 429 3122 γὰρ
459 3037 616 3123 δυσχερὲς
640 3035 744 3123 λόγου
767 3039 929 3115 δοθέντος
953 3045 1029 3103 ίσον
1054 3036 1143 3129 αὐτῷ

127 3144 342 3226 πορίσασθαι.

200 3413 224 3461 2.
244 3404 290 3477 τό]
310 3407 348 3480 τῷ
368 3407 413 3462 W.
495 3415 519 3464 6.
539 3406 583 3479 τό]
604 3425 658 3464 om⁴
677 3428 704 3480 p.
787 3406 856 3475 τοῖς]
878 3422 968 3477 comp.
987 3425 1015 3477 p,
1034 3416 1083 3463 τοῖ
1097 3409 1144 3464 W.

166 3484 188 3534 7.
209 3477 298 3550 μόνον
316 3496 344 3548 p.
427 3484 451 3532 9.
476 3482 575 3551 (umg.
595 3479 639 3534 W.
725 3484 767 3533 10.
787 3471 907 3548 άτοτόν]
930 3495 998 3533 corr.
1019 3477 1145 3535 εαάτω-
