2444 3892
293 172 443 224 nuroon
462 150 724 224 continuemus
741 174 781 225 m
800 172 942 225 comen
1051 171 1115 236 301

98 319 234 400 gentem
263 337 336 380 cum
360 318 425 379 ΓΑ
448 319 634 398 concurrat,
662 313 760 378 etiam
784 337 856 379 cum
880 316 1021 381 sectione
1044 337 1118 381 con-

99 443 244 507 currere,
268 421 313 486 sic
337 407 604 486 demonstratur:¹

170 529 236 592 sint
259 530 464 612 asymptotae
488 531 562 611 ΑΓ,
584 532 668 611 ΑΛ,
691 530 724 592 et
748 531 825 611 ZK,
849 533 921 592 ΖΗ
939 530 1058 595 cadent
1081 534 1118 594 ut

98 635 136 698 in
165 639 282 719 quarta
310 634 427 719 figura,
456 638 520 698 ΖΕ
546 637 654 698 autem
684 636 858 700 sectionem
886 639 1056 722 contingat
1082 637 1118 701 in

489 745 527 823 E,
547 745 580 805 et
598 745 755 824 punctum
774 763 949 806 concursus
964 765 1038 807 oum
1053 745 1117 808 ΓΑ

488 852 595 911 rectae
610 852 682 911 ZH
696 849 842 932 superius
859 849 911 912 sit.
948 850 1027 932 dico,
1046 871 1117 913 eam

488 954 679 1037 productam
710 976 784 1018 cum
815 955 957 1020 sectione
985 977 1117 1020 coneur-

488 1083 567 1125 rere.

393 1209 413 1256 θ
543 1167 679 1231 ducatur
698 1168 783 1231 enim
803 1190 861 1251 per
874 1172 1030 1252 punctum
1045 1189 1119 1232 con-

488 1275 595 1337 tectus
611 1277 642 1336 E
656 1276 862 1357 asymptotae
877 1276 943 1338 ΓΑ
961 1274 1119 1357 parallelo

490 1383 565 1463 ΕΘ;
590 1383 653 1443 ΕΘ
668 1378 776 1463 ,ἰςὶῒυῑ
799 1380 834 1442 in
858 1381 927 1444 solo
952 1384 984 1443 E
1006 1380 1119 1446 sectio·

489 1507 563 1550 nem
587 1489 676 1550 secat
700 1489 805 1570 [prop.
823 1485 928 1568 XIII].
964 1487 1119 1571 quoniam

431 1569 449 1614 Δ
489 1593 591 1677 igitur
609 1596 670 1657 ΓΑ
687 1597 794 1657 rectae
809 1597 872 1657 ΕΘ
890 1594 1045 1677 parallelo
1060 1598 1120 1678 est,

103 1707 137 1765 et
171 1705 246 1765 ZH
279 1721 350 1764 cum
383 1701 463 1763 ΑΗ
495 1700 674 1782 concurrit,
711 1701 809 1765 etiam
841 1724 914 1767 cum
948 1705 1014 1765 ΕΘ
1046 1722 1118 1766 con·

104 1811 227 1893 curret3
251 1827 327 1891 ergo
352 1807 451 1870 etiam
475 1827 548 1869 cum
571 1806 722 1869 sectione.

174 1911 209 1977 Si
244 1913 315 1995 quis
347 1915 397 1976 est
424 1911 560 1997 angulus
588 1911 772 1976 rectilineus
800 1911 1013 1996 hyperbolum
1044 1935 1120 1978 con-

104 2021 215 2084 tinens
239 2019 321 2083 alius
346 2021 441 2102 atque
464 2018 502 2100 is,
526 2018 581 2102 qui
603 2016 817 2100 hyperbolem
836 2018 990 2102 eontinet,
1014 2019 1121 2082 minor

106 2147 174 2190 nou
199 2130 248 2189 est
272 2125 391 2210 angulo
415 2111 628 2207 hyperbolum
652 2123 848 2186 continente.

353 2262 387 2306 Ε
520 2231 562 2293 sit
585 2229 773 2313 hyperbole,
797 2229 887 2293 ouius
911 2232 1120 2313 asymptotae

391 2351 419 2398 Γ
462 2337 527 2401 sint
550 2339 623 2418 ΓΑ,
646 2339 729 2418 ΑΛ,
752 2335 834 2399 aliae
858 2339 968 2399 autem
992 2336 1120 2420 aliquae
1183 2388 1186 2393 .

463 2443 615 2507 sectionis
640 2445 845 2526 asymptotae
869 2442 935 2506 sint
958 2445 1030 2524 ΕΖ,
1044 2445 1120 2511 ΖΗ.

463 2548 542 2631 dieo,
567 2549 721 2634 angulum
742 2547 783 2611 ad
805 2552 832 2611 Z
855 2547 998 2631 positum
1018 2549 1120 2613 mino-

462 2676 531 2718 rem
554 2674 624 2718 non‘
644 2676 714 2718 esse
738 2655 859 2739 angulo
883 2654 924 2718 ad
948 2660 980 2717 A
1004 2656 1121 2738 posito,

378 2797 400 2839 A
525 2782 601 2824 nam
631 2762 772 2844 primum
808 2765 888 2845 EZ,
917 2765 993 2825 ΖΗ
1024 2762 1121 2826 rectis

462 2869 535 2948 ΓΑ,
563 2872 633 2930 ΑΔ
668 2866 842 2949 parallelae
882 2867 954 2930 sint.
1012 2868 1121 2951 itaque

221 760 245 839 Ζ

106 2977 321 3049 LZ=LA.
364 2993 441 3056 ergo
467 2973 606 3057 angulus
631 2972 670 3035 ad
691 2975 718 3034 Z
741 2973 867 3056 positus
893 2974 1011 3058 angulo
1031 2974 1072 3037 ad
1091 2981 1123 3037 A

105 3079 215 3164 posito
240 3078 347 3143 minor
369 3101 434 3144 non
458 3083 516 3143 est.

125 3185 128 3191 ’
173 3185 239 3249 iam
271 3184 448 3270 parallelae
480 3206 520 3247 ne
554 3184 632 3263 sint,
667 3185 751 3248 sicut
777 3185 811 3250 in
841 3185 980 3248 secunda
1007 3185 1121 3270 figura.

178 3450 210 3502 Iu
229 3448 275 3518 fig.
297 3454 310 3500 1
332 3451 358 3500 Γ
374 3449 403 3501 et
421 3451 446 3502 E
465 3464 519 3502 om.
539 3448 588 3514 W;
608 3449 633 3501 Θ
652 3447 681 3500 in
701 3448 825 3502 sectione
845 3451 896 3501 est.

179 3521 210 3573 In
229 3521 275 3587 fig.
296 3526 311 3572 2
332 3535 386 3573 om.
406 3523 428 3571 A
447 3519 492 3587 W,
511 3535 562 3587 pro
582 3525 607 3572 Δ
626 3520 691 3574 hub.
713 3524 743 3572 A.
