2444 3892
125 144 193 210 284
407 146 672 201 οοωωωατεωω
688 146 859 212 mmm.

193 294 335 374 Εἴρηται
358 286 419 374 μὲν
442 289 480 355 ἐν
502 299 574 366 τοϊς
595 285 676 373 μετὰ
698 285 737 355 τὸ
762 284 790 354 ι’
811 284 976 374 θεώρημα
999 291 1141 375 σχολίοις

127 390 146 460 ὁ
179 397 302 473 σκοπὸς
331 403 401 462 τῶν
431 397 468 484 ἦ
498 394 641 483 πρύτων
668 391 900 479 θεωρημάτων
926 392 984 460 καὶ
1012 396 1052 462 έν
1079 406 1141 473 τοϊς

128 501 176 578 είς
197 502 234 566 τὸ
259 499 493 568 ἑκκαιδέκατον
518 496 537 566 ὁ
559 501 629 567 τάν
652 499 727 584 ἑξῆς
743 501 859 587 τριῶν,
882 501 938 566 δεῖ
953 497 992 567 δὲ
1011 500 1142 584 εἰδέναι,

126 601 178 672 ὅτι
210 605 246 672 έν
278 604 341 692 μέν
369 610 415 698 τῷ
449 603 491 687 ιζ’
524 608 645 691 φησίν,
678 602 729 672 ὅτι
761 600 782 690 ῆ
816 604 874 672 διά
905 608 965 692 τῆς
995 608 1144 694 κορυφῆς

92 709 216 800 ὅπαρά
247 713 454 799 τεταγμένως
484 712 697 798 κατηγμένην
728 708 875 798 ἀγομένη
903 708 999 792 ἐκτὸς
1028 714 1143 796 πίπτει,

128 821 165 886 έν
194 818 231 886 δὲ
258 822 304 910 τῷ
334 817 382 904 ιη’
411 824 532 906 φησίν,
561 815 613 885 ὅτι
640 813 661 903 ἡ
687 815 903 905 παράλληλος
923 821 965 906 τῇ
989 814 1144 887 ὁπωσοῦν

128 926 340 1013 ἐφαπτομένη
359 922 454 1004 έντδς
472 928 531 1012 τῆς
548 926 652 1010 τομῆς
670 921 820 1011 ἀγομένη
839 936 932 1011 τεμεῖ
946 923 1011 1010 τῆν
1030 922 1144 1011 τομήν,

128 1033 165 1099 έν
195 1035 240 1122 τῷ
270 1031 339 1117 ιθ’,
367 1028 418 1098 ὅτι
446 1028 467 1117 ῆ
496 1027 562 1099 ἀπό
589 1056 683 1109 τινος
711 1036 851 1117 σημείου
877 1033 937 1118 τῆς
965 1031 1145 1118 διαμέτρου

126 1136 216 1226 παρὰ
242 1138 449 1224 τεταγμένως
474 1137 685 1224 κατηγμένην
716 1143 893 1224 συμπίπτει
915 1140 957 1226 τῇ
980 1140 1084 1226 τομῇ,
1112 1137 1145 1202 έν

77 1258 109 1308 10
127 1247 173 1334 τῷ
196 1242 229 1310 κ’
253 1244 309 1311 καί
327 1242 383 1311 κα’
401 1240 460 1322 τάς
477 1242 704 1329 καταγομένας
724 1248 812 1330 ζητεῖ
826 1247 895 1312 τῶν
912 1246 1041 1329 τομῶν,
1060 1240 1146 1322 ὅπως

128 1353 241 1435 ἔχουσι
264 1347 347 1439 πρὸς
369 1346 513 1436 ἀλλήλας
534 1348 590 1416 καί
613 1346 654 1416 τδι
676 1351 735 1434 τῆς
754 1350 934 1436 διαμέτρου
951 1345 1010 1417 ὑπ’
1035 1347 1146 1418 αὐτῶν

128 1458 288 1543 γινόμενα
315 1454 484 1543 τμήματα,
512 1458 549 1524 ἐν
572 1458 618 1546 τῇ
641 1453 697 1540 νβ’
720 1455 776 1521 καί
799 1454 853 1540 κγ’
877 1455 967 1541 λέγει
988 1456 1068 1543 περὶ
1091 1458 1146 1542 τῆς

129 1559 264 1641 εὐθείας
290 1565 348 1647 τῆς
374 1563 457 1629 κατὰ
481 1560 544 1628 δύο
569 1573 689 1646 σημεῖα
711 1564 752 1649 τῇ
774 1564 860 1650 τομῇ
884 1562 1145 1649 συμπιπτούσης,

129 1669 165 1734 ἐν
193 1670 238 1758 τῇ
268 1666 324 1733 κδ’
353 1667 408 1733 καλ
436 1666 485 1733 κε’
512 1666 588 1752 περί
617 1670 675 1753 τῆς
703 1664 839 1746 εὐθείας
860 1670 919 1754 τῆς
936 1665 1019 1734 καθ’
1044 1663 1085 1735 έν
1106 1669 1144 1755 τῇ

76 1785 109 1833 15
128 1776 213 1860 τομῇ
234 1772 495 1861 συμπιπτούσης,
518 1773 689 1841 τουτέστιν
708 1774 949 1860 ἐφαπτομένης,
969 1775 1008 1842 έν
1026 1776 1073 1866 τῇ
1091 1770 1142 1845 κε’

128 1878 204 1964 περὶ
222 1882 281 1966 τῆς
299 1875 467 1968 ἀγομένης
483 1877 703 1966 παραλλήλου
721 1883 761 1968 τῇ
781 1879 946 1969 διαμέτρῳ
966 1883 1026 1966 τῆς
1043 1903 1146 1966 παρα-

32 1980 46 1995 ”
128 1988 230 2072 βολῆς
247 1987 302 2054 καί
321 1990 379 2073 τῆς
396 1983 596 2072 ὑπερβολῆς,
615 1987 651 2054 έν
669 1988 715 2077 τῷ
730 1985 779 2067 κζ’
799 1986 874 2070 περὶ
888 1989 947 2072 τῆς
960 1986 1147 2074 τεμνούσης

128 2091 189 2179 τῆν
208 2092 389 2180 διάμετρον
407 2097 466 2180 τῆς
484 2095 686 2180 παραβολῆς,
707 2089 758 2159 ὅτι
776 2089 847 2159 κατ’
869 2090 1044 2181 ἀμφότερα
1062 2095 1146 2180 μέρη

129 2205 305 2286 συμπίπτει
336 2202 376 2287 τῇ
409 2202 509 2285 τομῇ,
547 2200 583 2264 έν
614 2208 661 2288 τῷ
692 2196 750 2284 κη’
784 2199 858 2284 περὶ
890 2199 949 2283 τῆς
980 2194 1149 2285 ἀγομένης

75 2318 109 2366 20
127 2305 343 2392 παραλλήλου
374 2308 414 2392 τῇ
447 2303 658 2391 ἐφαπτομένη
692 2307 771 2390 μιᾶς
799 2307 868 2372 των
896 2300 1147 2390 ἀντικειμένων,

129 2413 165 2477 έν
189 2413 233 2503 τῷ
253 2410 313 2476 κθ’
331 2410 407 2497 περὶ
425 2414 484 2494 τῆς
503 2407 559 2474 διὰ
578 2412 640 2476 τοῦ
658 2411 801 2496 κέντρου
819 2420 887 2478 τῶν
906 2405 1147 2495 ἀντικειμένων

129 2517 381 2603 έκβαλλομένης,
406 2517 511 2604 ἐντῷ
536 2513 568 2581 λ’
593 2533 709 2601 φησιν,
734 2514 786 2584 ὅτι
806 2512 1068 2602 διχοτομεῑταιῆ
1090 2515 1146 2583 διὰ

127 2624 188 2689 τού
203 2623 344 2710 κέντρου
359 2620 583 2707 ἐκβαλλομένη
597 2623 656 2705 τῆς
670 2621 847 2703 ἐλλείψεως
860 2622 915 2689 καί
924 2624 993 2689 τῶν
1002 2619 1147 2690 ἀντικει-

128 2728 255 2812 μένων,
288 2726 325 2795 έν
358 2731 402 2818 τῇ
432 2725 487 2794 λα’
515 2732 635 2813 φησίν,
664 2724 716 2795 ὅτι
744 2726 797 2796 ἐπὶ
824 2732 883 2814 τῆς
909 2725 1100 2815 ὑπερβολῆς
1126 2725 1147 2815 ῆ

74 2845 108 2893 25
128 2832 340 2920 ἐφαπτομένη
363 2832 425 2919 τῆν
449 2832 629 2919 διάμετρον
648 2834 760 2920 τέμνει
779 2832 900 2921 μεταξύ
917 2837 976 2920 τῆς
993 2839 1148 2923 κορυφῆς

127 2939 182 3005 καὶ
211 2943 272 3006 τοῦ
296 2942 451 3026 κέντρου,
479 2937 517 3007 έν
540 2943 585 3030 τῷ
609 2939 663 3025 λβ’
688 2940 744 3007 καί
767 2941 801 3027 γ’
824 2940 879 3008 καί
903 2941 937 3007 δ’
958 2938 1015 3006 καί
1038 2938 1068 3008 ε’
1092 2942 1148 3009 καί

129 3040 161 3113 ς’
189 3042 263 3127 περὶ
287 3047 355 3111 τῶν
380 3045 620 3131 έφαπτομένων
643 3057 786 3113 ποιεῖται
809 3049 868 3113 τὸν
892 3042 1011 3131 λόγον,
1040 3043 1078 3114 έν
1101 3051 1147 3140 τῷ

128 3187 342 3195 -α-ᾑ-

202 3276 224 3324 1.
248 3266 293 3341 τό]
318 3287 332 3326 e
352 3288 421 3328 corr.
442 3273 486 3329 W.
579 3282 602 3330 7.
628 3271 826 3356 ἐφαπτομένη]
847 3273 960 3344 scripsi,
983 3270 1147 3346 ε’φησαπιο-

129 3338 200 3412 μένη
224 3340 297 3410 Wp,
326 3339 473 3417 ἁπτομένη
497 3345 600 3414 Halley
619 3347 720 3417 (etita
739 3345 838 3402 debmt
856 3345 931 3417 dici).
1023 3346 1094 3418 τέμη
1119 3368 1146 3419 p.

164 3418 188 3467 8.
209 3408 303 3537 ιθῇῖο
323 3432 391 3472 corr.
411 3435 438 3486 p.
518 3415 574 3488 ὅτι]
595 3434 648 3472 om.
668 3417 737 3487 Wp,
757 3432 826 3472 corr.
846 3417 955 3486 Halley.
1033 3424 1059 3474 9.
1082 3440 1149 3474 κατ-

128 3480 235 3555 ηγμένη
283 3486 364 3556 alley.
440 3495 481 3545 10.
501 3485 563 3559 ια’]
583 3509 602 3542 α
622 3506 636 3544 ο
656 3505 725 3544 corr.
744 3506 772 3556 p.
845 3488 908 3560 τοῖς]
928 3504 981 3543 om.
1000 3505 1028 3556 p.
1104 3495 1148 3545 11.
