2444 3892
408 159 621 220 comconun
638 162 748 213 umus
765 162 813 217 11.
1071 160 1113 226 25

532 308 545 331 α
570 370 642 438 XV.

168 513 202 579 Si
231 514 266 578 in
290 515 488 580 sectionibus
512 514 671 599 oppositis
694 518 852 599 punctum
874 517 1006 602 aliquod
1029 517 1115 586 inter

100 620 179 685 duas
200 620 359 687 sectiones
378 621 529 703 sumiturp
546 624 579 685 et
594 620 635 684 ab
651 640 688 684 eo
704 620 809 684 altera
822 623 910 686 recta
925 624 1115 690 alterutram

100 728 325 811 oppositarum
335 713 512 812 contingit,
527 726 632 790 altera
645 728 819 809 utrumque
831 728 1006 794 sectionem
1017 733 1115 813 secat,

101 836 134 896 et
168 834 205 896 ut
232 836 283 896 est
309 835 398 896 recta
425 832 510 895 inter
539 831 675 894 alteram
704 829 892 916 sectionem,
925 854 1023 916 quam
1048 856 1116 900 non

102 939 264 1022 contingit
281 941 372 1003 rectu
389 937 456 1015 illa,
480 940 512 1000 et
530 940 686 1020 punctum
705 936 815 1019 posita
833 936 874 1001 ad
893 942 1015 1003 rectam
1030 940 1124 1006 inter·

100 1046 259 1127 punctum
283 1043 484 1126 alteramque
508 1041 682 1107 sectionem
704 1041 861 1128 positam,
884 1043 933 1109 ita
956 1046 1008 1108 est
1030 1048 1119 1109 recte

103 1150 212 1234 aliqua
231 1149 335 1215 maior
356 1151 446 1213 recta
467 1148 552 1212 inter
570 1147 729 1212 sectiones
753 1148 861 1233 posita
885 1148 927 1214 ad
951 1170 1118 1215 excessum

101 1257 136 1319 in
165 1278 203 1320 ea
230 1255 386 1340 producta
413 1256 446 1335 et
475 1253 515 1319 ad
543 1254 679 1318 eundem
706 1255 882 1319 terminum
909 1257 1054 1339 positum
1081 1278 1119 1321 ac

100 1365 228 1446 partem
266 1359 586 1445 correspondentem‚
627 1363 716 1425 recta
753 1382 772 1424 a
809 1362 948 1428 termino
986 1361 1119 1427 maioris

100 1471 170 1533 rect
171 1489 208 1532 ae
155 1467 273 1532 tad
296 1468 453 1552 punctum
476 1486 536 1531 con
538 1468 644 1532 tactus
668 1465 765 1531 duca
788 1489 860 1532 cum
877 1469 1024 1534 'sectione
1043 1490 1119 1534 con-

717 1642 728 1661 s
796 1578 912 1658 curret,
935 1578 1118 1640 etrectaa

484 1660 915 2034 sspuncto
941 1702 1118 1748 concursus

705 1769 836 1850 Zad
856 1791 1020 1872 sumptum
1039 1809 1119 1873 pun-

797 1894 885 1955 tum
895 1893 991 1956 ducta
1001 1893 1118 1958 sect1o

484 1660 759 2066 ff
798 2015 873 2059 nem
896 1996 1068 2081 contingit.

864 2100 930 2164 sint
949 2102 1119 2185 oppositae

444 2110 830 2565 ΧΑ
829 2208 891 2289 ,B‚
910 2209 1018 2270 sumat
1018 2228 1120 2293 unque

824 2311 909 2376 inter
932 2313 1091 2378 sectiones

444 2110 955 2565 Npunctum
989 2419 1120 2502 aliquod

800 2524 1120 2611 Amtmmfflm

106 2632 148 2697 ab
173 2634 322 2716 asympto
324 2631 366 2694 tis
390 2631 658 2714 comprehensum
682 2630 842 2714 positum,
872 2633 905 2694 et
928 2629 969 2694 ab
994 2651 1031 2695 eo
1054 2633 1120 2695 ΔΖ

104 2738 304 2821 producatur
327 2738 531 2822 contingens,
554 2740 659 2800 ΑΔΒ
683 2739 791 2800 autem
815 2735 974 2801 sectiones
998 2757 1121 2821 secans,

107 2844 213 2928 sitque
232 2846 318 2908 AF:
330 2846 446 2908 PB=
460 2847 551 2907 AA:
563 2846 639 2908 AB.
681 2842 977 2925 demonstrandum,
1000 2845 1067 2908 rect
1069 2863 1122 2906 am

107 2971 127 3014 a
146 2953 173 3012 Z
197 2948 238 3014 ad
257 2952 290 3013 Γ
308 2949 385 3014 duct
370 2953 438 3014 tam
461 2949 652 3033 productam
672 2971 744 3014 cum
764 2949 906 3014 sectione
926 2968 1123 3030 concurrere,

108 3059 142 3120 et
160 3058 283 3121 rectam
307 3078 326 3119 a
344 3059 464 3139 puncto
484 3077 659 3120 concursus
679 3055 719 3120 ad
739 3061 773 3120 A
796 3056 927 3120 ductam
946 3055 1122 3120 sectionem

108 3161 306 3246 contingere.

178 3268 331 3350 quonism
360 3267 445 3332 enim
470 3272 503 3331 A
530 3271 686 3350 punctum
713 3269 800 3332 iutra
827 3268 982 3352 angulum
1007 3265 1122 3331 sectio·

107 3393 182 3437 nem
207 3374 530 3458 comprehendentem
552 3373 695 3457 positum
720 3377 782 3457 est,
806 3372 876 3437 fieri
898 3375 1021 3458 potest,
1043 3376 1080 3437 ut
1104 3394 1123 3437 a

111 3485 145 3542 A
168 3479 265 3544 aliam
289 3502 416 3565 quoque
440 3479 681 3565 contingentem
705 3480 858 3544 ducamus
883 3478 939 3565 [11,
957 3479 1024 3561 49].
1069 3478 1123 3543 dn·
