2444 3892
122 149 188 213 242
411 146 673 201 COMMENTARIA
690 144 860 210 ANTIQUA.

512 309 568 384 εἴς
590 303 631 372 τὸ
657 301 761 372 αὐτό.

191 429 488 518 τετραπλεύρου
507 427 621 508 ὄντος
641 432 710 496 τοῦ
725 435 877 508 ΛΑΔΗ
890 428 1002 515 ἤχθω
1016 432 1062 517 τῇ
1078 435 1141 496 ΛΑ

123 537 374 625 παράλληλος
397 534 417 622 ἡ
445 541 541 603 ΓΚΒ
565 534 846 622 ἀποτέμνοντα
869 533 911 603 τὸ
935 538 1045 602 ΓΗΚ
1066 543 1141 623 τρί-

123 669 255 732 γωνον
285 647 334 733 τῳ
364 649 511 710 ΛΑΛΗ
537 641 812 733 τετραπλεύρῳ
844 647 947 725 ἴσον]
975 646 1078 710 τοῦτο
1107 641 1140 709 δὲ

88 766 105 814 5
124 750 308 837 ποιήσομεν
332 746 449 826 οὕτως·
474 749 534 816 ἐὰν
556 749 631 833 γάρ,
655 744 697 827 ὡς
723 749 760 814 έν
778 760 849 826 τοῖς
869 752 1046 834 στοιχείοις
1067 748 1140 834 ἐμώ-

124 867 249 944 θομευ,
281 859 325 948 τῷ
355 855 493 923 δοθέντι
521 852 751 943 εὐθυγράμμῳ
779 856 825 943 τώ
855 861 1007 921 ΛΑΔΗ
1030 879 1140 943 τετρα·

124 962 256 1052 πλεύρῳ
281 969 356 1028 ἴσον
379 961 435 1027 καὶ
459 958 549 1051 ἀλλῳ
572 963 618 1051 τῷ
641 961 778 1027 δοθέντι
797 963 843 1051 τῷ
863 965 969 1025 ΑΕΔ
987 960 1138 1053 τριγώνῳ

125 1067 247 1156 ὅμοιον
266 1066 304 1135 τὸ
325 1065 407 1134 αὐτὸ
422 1065 668 1152 συστησώμεθα
686 1065 723 1134 τὸ
739 1073 849 1151 ΣΤΥ,
870 1062 953 1133 ώστε
972 1064 1140 1153 ὁμόλογον

126 1173 213 1243 εἶναι
240 1172 303 1261 τὴν
330 1181 400 1240 ΣΤ
423 1176 462 1261 τῇ
492 1181 576 1258 ΑΔ,
602 1172 658 1239 καὶ
681 1170 902 1258 ἀπολάβωμεν
927 1177 965 1260 τῇ
990 1172 1054 1258 μέν
1078 1181 1143 1241 ΣΤ

75 1299 107 1347 10
129 1290 206 1367 ἴσην
234 1279 297 1367 τὴν
319 1286 407 1364 ΗΚ,
434 1282 473 1367 τῇ
498 1279 535 1347 δὲ
562 1286 624 1346 TY
647 1287 724 1364 ἴσην
746 1277 809 1365 τὴν
833 1285 914 1364 ΗΓ,
937 1280 994 1347 ααῖ
1017 1280 1138 1363 ἐπιζεύ-

126 1390 233 1474 ξωμεν
266 1384 327 1472 τὴν
356 1391 435 1471 ΓΚ,
468 1389 559 1453 ἔσται
591 1385 628 1453 τὸ
663 1383 876 1472 ζητούμενον.
927 1386 996 1453 ἐπεὶ
1026 1385 1093 1476 γάρ
1119 1384 1137 1472 ἡ

124 1492 208 1582 πρὸς
230 1503 275 1583 τῳ
303 1500 332 1558 Y
351 1496 456 1577 γωνία
480 1499 534 1576 ἴση
559 1490 627 1557 ἐστὶ
650 1494 690 1579 τῇ
715 1499 758 1575 Δ,
781 1492 931 1559 τουτέστι
954 1494 994 1578 τῇ
1013 1499 1061 1578 Η,
1087 1495 1138 1560 διὰ

124 1603 224 1667 τοῦτο
253 1605 329 1664 ἴσον
356 1595 412 1663 ααῖ
441 1593 560 1681 ὅμοιον
588 1594 626 1663 τὸ
650 1602 757 1664 ΓΗΚ
780 1608 826 1689 τῷ
849 1604 958 1664 ΣΤΥ.
1006 1599 1063 1666 ααῖ
1087 1609 1137 1684 ἴση

125 1701 146 1789 ἡ
170 1708 203 1769 Γ
220 1707 326 1788 γωνία
350 1705 389 1788 τῇ
413 1709 455 1787 Ε,
478 1707 537 1768 καί
557 1706 644 1769 εἰσιν
668 1701 821 1784 έναλλάξ·
846 1703 1058 1790 παράλληλος
1077 1704 1137 1793 ἀρα

75 1826 107 1874 15
127 1808 218 1876 ἐστὶν
242 1805 263 1895 ἡ
288 1814 354 1875 ΓΚ
375 1811 414 1896 τῇ
439 1815 513 1877 ΑΕ.

194 1913 345 2003 φανερὸν
369 1914 423 2002 δή,
449 1914 515 2002 ὅτι,
543 1913 623 1985 ὅταν
647 1913 668 2003 ἡ
691 1923 756 1982 ΑΒ
779 1913 868 1996 ἀξωυ
893 1917 997 2002 ἐστίν,
1022 1914 1043 2002 ἡ
1068 1923 1139 1983 ΜΛ

127 2021 306 2110 ἐφάπτεται
333 2026 392 2109 τῆς
418 2027 535 2110 τομῆς,
569 2026 650 2092 ὅταν
678 2021 714 2089 δὲ
742 2020 786 2108 μὴ
816 2023 922 2105 ἀξωυ,
953 2023 1082 2108 τέμνει,
1112 2024 1139 2088 εί

125 2129 210 2215 πρὸς
234 2128 341 2218 ὀρθὰς
365 2128 479 2215 ἀγεται
502 2130 635 2208 πάντως
657 2139 696 2217 τῇ
721 2129 894 2217 διαμέτρῳ.

519 2326 590 2401 Ele
613 2321 655 2389 τὸ
679 2321 743 2408 κη’.

75 2466 110 2515 20
188 2447 270 2535 Ὅτι,
298 2444 361 2516 κάν
389 2446 410 2536 ἡ
438 2454 504 2515 ΓΛ
531 2447 634 2536 τέμυη
660 2444 723 2532 τὴν
751 2443 958 2532 ὑπερβολήν,
989 2444 1030 2514 τὰ
1059 2445 1138 2514 αὐτὰ

128 2554 344 2643 συμβήσεται,
370 2553 480 2640 ώσπερ
505 2554 557 2620 ἐπὶ
581 2556 642 2620 τοῦ
667 2550 961 2620 ὀκτωκαιδεκάτου.

533 2751 603 2826 Είς
625 2748 669 2815 τὸ
693 2745 734 2814 λ’.

171 2873 249 2939 Καὶ
273 2869 322 2951 ώς
345 2872 419 2957 ἀρα
443 2870 503 2937 έπῖ
525 2870 595 2957 μὲν
614 2875 682 2958 τῆς
701 2874 913 2952 ἐλλείψεως
932 2874 1139 2956 συνθέντι,

127 2979 190 3044 ἐπὶ
224 2978 266 3044 δὲ
298 2981 375 3044 τών
409 2975 697 3064 ἀντικειμένων
727 2977 926 3046 ἀνάπαλιν
953 2978 1019 3046 καὶ
1048 2976 1139 3046 ἀνα-

126 3123 340 3130 -—--—.

198 3212 221 3287 5.
238 3206 442 3276 στοιχείοις]ω,
459 3209 579 3275 στυχίοις
595 3224 690 3262 ecorr
701 3208 746 3275 W,
761 3208 917 3275 σχσλίσιςρ
974 3212 998 3261 6.
1013 3228 1050 3261 τω
1039 3208 1114 3293 (pr
1117 3209 1140 3275 )]

126 3272 158 3330 ἐν
177 3297 214 3359 τῳ
237 3276 311 3343 Wp,
335 3293 404 3332 corr.
425 3277 530 3333 Comm.
624 3285 647 3334 ἵ.
670 3279 802 3346 11de
892 3284 917 3333 8.
941 3276 973 3332 τὸ
993 3263 1078 3364 αυτό]
1102 3280 1139 3350 τῳ

125 3343 202 3418 αὐτῷ
222 3346 290 3415 Wp,
310 3363 378 3402 corr
394 3348 503 3417 Halley
576 3347 792 3438 συστησώμεθα]
812 3347 920 3418 scripsi,
939 3334 1140 3417 συστησάμεθα

128 3404 195 3490 Wp.
268 3425 292 3473 9
313 3421 408 3488 ETp
479 3419 1141 3502 τῆ(ο11ι)η]τ)’,νῖἴμοοεε.ῦοωω.ΕΤρ.

163 3497 205 3545 10
225 3487 288 3562 τήν]
308 3495 340 3562 τῇ
360 3489 433 3560 Wp,
459 3507 527 3547 corr.
547 3441 655 3547 Commv²
741 3491 810 3545 Post
830 3493 890 3544 ΗΚ
907 3489 963 3546 del.
982 3511 1034 3560 την
1054 3490 1117 3546 δὲ
1105 3513 1140 3546 τυ
