2444 3892
110 153 251 210 LXXXIV
481 151 760 205 Poonaooaffloa

111 297 231 351 aliorum
250 311 314 348 cum
333 291 485 348 schematis
503 294 533 346 et
549 291 625 348 notis
639 308 673 347 ex
687 290 798 347 schedis
811 291 846 348 D.
858 288 940 346 Golii
953 291 1014 348 viri
1027 292 1125 350 summi

110 376 182 430 baec
201 391 264 428 cum
286 370 430 427 lemmatis
448 373 547 442 Pappi.
585 368 747 428 Translatio
765 368 890 427 Arabica
908 370 987 427 Beni
1004 372 1088 429 Musa
1100 389 1127 429 er

112 455 173 509 cod.
192 452 266 507 Bibl.
281 451 427 507 Leidensis
446 450 506 523 (qui
523 450 610 507 etiam
629 469 680 507 ms.
695 450 819 522 optimae
836 451 926 506 notae
945 451 981 507 in
1000 452 1127 523 comaga

111 534 246 589 librorum
266 550 331 589 mss.
350 534 384 587 D.
404 530 479 587 Golii
497 532 549 587 τοῦ
568 533 724 603 μακαρίτου
743 532 944 602 apographum
964 536 1025 605 est)
1047 534 1128 589 bans-

112 613 219 682 scripta
232 612 293 669 fuit.
323 611 459 668 Golianus
472 612 561 666 codex
575 610 662 666 etiam
676 611 798 680 quatuor
811 609 921 682 priores
932 612 1039 669 Gonia.
1053 613 1129 669 libror

112 692 239 761 exhibet,
264 693 337 748 sicut
359 695 389 747 et
411 692 467 746 iste
489 690 520 745 in
537 690 611 747 Bibl.
629 689 808 760 Florentino,
832 707 919 760 quem
936 692 1037 750 latine
1055 690 1130 749 vertit

112 772 144 828 A.
163 771 338 828 Echellensis
356 788 413 826 non
432 773 503 827 adeo
522 771 650 826 feliciter.
1160 764 1162 773 '

184 855 253 908 baec
271 851 361 923 igitur
374 849 531 908 Bernhardi
549 849 668 906 consilia
685 848 807 905 fuerunt.
835 865 921 919 quem
940 853 1047 908 narret
1064 850 1130 908 codi-

113 949 174 988 cem
186 933 323 989 Graecum
334 931 498 987 Leidensem
510 928 663 1000 Apollonii,
676 928 785 999 nescio,
801 928 887 985 hodie
902 929 1008 987 saltim
1021 950 1081 988 non
1092 949 1130 988 er·

112 1014 177 1069 stat.
205 1014 293 1069 codex
307 1012 393 1083 Regis
410 1017 460 1066 103
479 1011 524 1066 est
536 1010 625 1065 Paris.
640 1014 719 1080 2³57,
737 1008 768 1062 ni
786 1009 885 1076 fallor,
903 1026 978 1066 narn
992 1015 1130 1082 praetarp

112 1093 329 1160 Manarinaeum‚
349 1092 384 1146 de
403 1107 459 1158 quc
478 1091 527 1145 uix
545 1089 665 1160 cogitari
682 1091 786 1160 potest,
804 1089 854 1144 ille
872 1089 955 1146 solus
970 1108 988 1146 e
1003 1089 1131 1146 Parisinis

113 1173 200 1228 ctiam
219 1174 354 1227 Serenum
378 1171 516 1238 continet,
546 1187 629 1238 quem
652 1170 829 1224 Bernhardus
853 1186 887 1224 ex
910 1171 1018 1226 eodem
1044 1170 1131 1228 codice

113 1253 200 1323 Regis
217 1255 316 1322 petere
334 1249 428 1305 uoluit
445 1249 602 1320 (Fabricius
620 1250 640 1306 1.
655 1265 678 1305 c.
697 1250 724 1303 II
742 1268 770 1320 p,
785 1251 857 1318 568).
958 1245 960 1249 ’

184 1331 310 1401 Denique
335 1336 450 1384 a.1710
474 1329 599 1385 Oxcniac
626 1329 793 1399 prodierunt
820 1329 925 1387 (ionica
948 1328 1064 1388 Graece
1088 1347 1131 1402 per

5 1416 91 1469 Houey
112 1413 291 1468 Edmundum
312 1410 423 1479 Holley.
452 1410 488 1465 ab
506 1408 589 1466 initio
607 1410 650 1465 ita
668 1411 860 1480 comparatum
879 1409 987 1480 fuerat,
1007 1412 1043 1466 ut
1055 1409 1132 1481 „dre

111 1493 208 1563 gorius
227 1496 349 1559 quatuor
366 1488 474 1558 priores
488 1486 656 1545 (lonicorum
672 1489 759 1546 libros
778 1506 842 1544 oum
856 1487 974 1545 Butooii
989 1490 1131 1547 Commen-

112 1572 192 1627 tariis
208 1570 313 1625 Graece
327 1569 484 1638 Latineque
503 1571 581 1640 prelo
596 1571 718 1639 pararet,
737 1572 823 1639 atque
839 1569 901 1638 ipse
920 1571 983 1626 tres
998 1570 1130 1641 posterio

112 1668 156 1705 res
180 1668 214 1705 ex
232 1648 354 1704 Arabico
372 1648 403 1702 in
421 1649 554 1704 Latinum
574 1665 730 1705 sermonem
748 1653 905 1705 verterem“
928 1650 1034 1720 (praef.
1055 1671 1083 1723 p.
1101 1654 1130 1721 1).

112 1731 161 1786 sed
180 1730 245 1785 dum
259 1728 309 1784 ille
328 1728 460 1798 „Graecis
474 1730 639 1786 accurandis
654 1731 827 1799 Latinaeque
846 1730 973 1786 versioni
987 1731 1130 1788 commea

112 1809 172 1864 dini
188 1809 371 1879 corrigendae
452 1809 617 1879 incumbit“,
638 1809 731 1865 subito
745 1812 872 1865 mortuus
887 1812 939 1879 est,
960 1812 994 1866 et
1006 1811 1129 1868 Halleius

111 1891 170 1947 iam
193 1889 269 1946 solus
291 1889 419 1945 laborem
443 1890 544 1946 edendi
568 1890 693 1960 suscepit
716 1889 916 1960 (praecipi).
960 1889 993 1945 in
1020 1891 1129 1947 Graccis

112 1970 257 2042 Apollonii
283 1971 463 2026 recensendis
492 1972 546 2040 „ad
575 1988 675 2026 manus
703 1970 765 2025 crat
792 1970 881 2025 codex
908 1985 924 2024 e
951 1968 1129 2027 Bibliotheca

112 2051 213 2108 Savilii
240 2051 441 2106 mathematica
468 2048 706 2120 praestantissimi
733 2049 815 2104 istius
843 2047 898 2104 viri
926 2050 1042 2107 calamo
1070 2051 1129 2106 binc

111 2131 192 2188 illino
210 2149 268 2186 non
290 2130 392 2186 leviter
411 2129 603 2197 emendatus“,
631 2129 706 2185 idem
730 2124 852 2199 scilicet,
881 2146 968 2199 quem
991 2131 1129 2203 algnifioot

112 2210 299 2265 Bernhardus.
344 2213 394 2280 „et
415 2210 502 2279 paulo
525 2212 609 2279 post“
636 2209 730 2278 inquit
752 2209 891 2279 „accessit
913 2209 988 2264 alter
1010 2211 1128 2282 benigne

112 2288 259 2344 nobiscum
282 2307 299 2344 a
320 2307 377 2345 rev.
400 2290 435 2345 D.
453 2288 586 2359 Baynard
609 2290 846 2357 communicatum
875 2289 926 2345 sed
948 2291 1052 2347 eadem
1076 2292 1127 2348 rere

112 2368 240 2436 utrisque
259 2369 420 2424 communia
443 2371 524 2424 erant
542 2368 627 2437 vitle,
655 2371 755 2439 utpote
779 2385 814 2424 ex
836 2369 937 2424 eodem
960 2371 1074 2441 codice,
1100 2372 1128 2426 ut

112 2449 236 2516 videtur,
265 2448 424 2519 descriptis.
470 2449 506 2502 ad
524 2447 675 2503 Entocium
703 2449 817 2516 quidem
844 2448 1050 2518 publicandum
1078 2468 1128 2507 non

113 2528 191 2584 aliud
218 2533 361 2598 repertum
390 2531 435 2584 est
458 2529 602 2598 exemplar
626 2527 764 2584 Graecum
791 2534 904 2600 praeter
927 2529 1128 2587 Barocoianam

112 2610 143 2664 in
161 2608 340 2664 Bibliotheca
357 2608 512 2664 Bodleiano
530 2610 736 2666 adservatnm“.
773 2627 843 2679 quos
862 2611 909 2665 hic
927 2614 1128 2668 commemorat

113 2690 237 2758 codices,
264 2689 315 2744 ubi
339 2690 461 2756 lateant,
489 2688 596 2755 nescim
625 2691 655 2742 in
677 2688 851 2746 bibliotheca
872 2689 1029 2747 Bodleiano
1053 2691 1128 2764 equi·

113 2771 177 2825 dem
195 2769 305 2824 nullum
329 2768 456 2824 codicem
475 2769 522 2823 uel
540 2767 685 2838 Apollonii
707 2769 753 2824 uel
772 2770 885 2826 Eutocii
902 2771 1000 2826 inueni
1018 2775 1128 2842 praeter

113 2850 218 2905 Canon.
239 2855 303 2915 106,
327 2847 376 2916 qui
395 2864 468 2902 anno
487 2849 599 2904 demum
620 2854 688 2904 1817
707 2849 834 2905 Uenetiis
852 2866 885 2905 ec
903 2853 1043 2920 peruenIt
1082 2852 1128 2909 sed

112 2929 166 2985 hoo
189 2929 303 2999 quidem
327 2929 449 2997 constat,
477 2926 525 2983 ueI
543 2927 682 2983 Sauilium
705 2929 753 2984 uel
769 2928 913 2985 Helleium
931 2929 1060 2987 codicem
1080 2935 1127 2988 ba·

112 3012 206 3065 buisse
226 3026 241 3064 e
259 3009 346 3065 Paris.
367 3013 437 3063 2356
456 3009 644 3079 descriptum
667 3025 733 3064 nam
756 3010 909 3080 pleraeque
932 3012 1128 3070 adnotationes

113 3093 143 3145 et
156 3088 390 3160 interpolationes
404 3089 570 3159 Montaurei,
589 3106 658 3159 quar
677 3106 763 3160 supra
780 3108 808 3160 p.
823 3089 902 3145 XVII
911 3108 952 3161 sq.
971 3108 1005 3146 ex
1019 3091 1072 3149 illo
1087 3111 1129 3149 co

113 3168 175 3224 dice
194 3169 297 3238 adtuli,
321 3168 357 3223 ab
376 3168 488 3225 Helleio
507 3173 638 3240 receptae
659 3173 725 3226 sunt
742 3173 783 3240 (3,
802 3177 832 3240 4,
851 3177 877 3239 o,
897 3178 923 3240 6,
942 3178 967 3240 7,
986 3177 1012 3241 9,
1033 3179 1076 3243 10,
1097 3179 1128 3229 11

112 3250 142 3302 et
158 3248 286 3316 paullum
304 3251 431 3304 mutatae
451 3255 480 3317 8,
500 3252 553 3319 13).
591 3249 635 3305 bis
654 3251 820 3306 correcturis
841 3250 902 3306 ueri
920 3251 1015 3306 simile
1033 3256 1079 3310 est
1101 3256 1130 3308 et

113 3325 251 3382 Saailium
275 3332 304 3385 et
321 3328 464 3385 Halleium
487 3346 551 3385 suas
570 3346 710 3400 quemque
733 3329 887 3401 addidisse,
917 3330 967 3387 sed
989 3336 1128 3401 quantam

112 3404 212 3474 cuique
231 3409 375 3479 debeatur,
394 3427 495 3480 parum
513 3410 641 3466 interest.
671 3409 768 3478 exiis,
787 3427 859 3480 quae
873 3411 961 3467 editio
975 3411 1127 3470 Halleiana

111 3485 227 3556 propria
244 3486 344 3556 babet,
367 3506 458 3559 pauca
477 3490 583 3561 recepi,
607 3491 668 3545 neri
690 3505 748 3544 non
768 3488 918 3547 dissimilia
940 3494 1080 3561 quaedam
1098 3495 1128 3550 in
