2444 3892
124 129 190 194 276
406 127 669 182 οοααωαεεωε
686 126 857 191 mmm.

123 278 200 357 ΒΓ,
232 268 253 357 ἡ
283 277 351 337 EA
382 266 466 357 πρὸς
494 275 577 354 AZ,
608 268 665 337 καὶ
698 271 775 356 δίχα
806 264 983 355 τετμήσθω
1018 262 1040 353 ἡ
1069 272 1140 335 ΕΖ·

125 380 230 464 δῆλον
254 373 312 461 δή,
337 372 404 461 ὅτι,
428 378 459 442 εί
481 373 543 461 μὲν
566 371 587 460 ἡ
609 380 676 441 ΑΒ
698 376 738 462 τῇ
762 378 830 440 ΒΓ
847 375 939 441 ἐστιν
963 380 1021 460 ἴση
1044 371 1141 459 καὶὴ

74 472 81 485 ’
125 489 193 550 EA
219 493 259 570 τῇ
284 488 366 566 AZ,
395 484 570 568 διχοτομία
594 484 685 548 ἔσται
707 489 767 566 τῆς
789 486 852 546 ΕΖ
875 475 913 547 τὸ
940 485 984 564 A,
1008 483 1041 546 εί
1065 478 1142 569 δὲὴ

123 596 189 656 ΑΒ
212 591 271 675 τῆς
288 593 355 656 ΒΓ
373 591 494 674 μείζων
516 586 572 652 καὶ
596 581 616 673 η
637 592 707 651 EA
729 594 789 671 τῆς
817 590 899 670 ΔΖ,
921 580 943 670 ἡ
969 587 1143 673 διχοτομία

89 708 105 757 5
124 694 298 781 κατωτέρω
322 692 392 762 ἐστὶ
414 695 475 761 τοῦ
499 699 543 778 A,
567 694 599 759 εί
621 690 659 759 δὲ
681 687 702 778 ἡ
726 697 791 758 ΑΒ
815 694 873 777 τῆς
895 695 962 757 ΒΓ
980 690 1143 777 ἐλάσσων,

125 800 291 887 ἀνωτέρω.
906 820 915 893 ᾗ
945 797 948 803 ’

193 911 276 974 ἔστω
300 903 338 973 δὲ
360 907 427 972 νῦν
448 903 529 982 τέως
551 901 724 990 κατωτέρω
749 896 793 981 ὡς
814 899 852 968 τὸ
876 898 928 988 Η,
944 892 1002 971 καὶ
1021 905 1143 998 κέντρφ

125 1016 171 1105 τῷ
198 1019 238 1079 Η
263 1009 459 1097 διαστήματι
486 1013 532 1101 τῷ
556 1015 624 1076 ΗΖ
650 1007 773 1088 κύκλος
797 1007 996 1097 γεγράφθω·
1027 1014 1082 1079 δεῖ
1104 1014 1142 1097 δὴ

130 1118 187 1187 διὰ
215 1128 284 1187 τῶν
308 1123 401 1204 Α,Β
431 1120 579 1202 σημείων
606 1112 699 1200 ἥξειν
722 1110 743 1201 ἢ
768 1114 918 1203 ἐσωτέρω
941 1110 962 1201 ἢ
988 1117 1144 1207 ἐξωτέρω.

75 1240 108 1289 10
127 1225 182 1291 καὶ
210 1228 241 1292 εί
268 1223 329 1311 μὲν
358 1221 414 1290 διὰ
441 1224 509 1290 τῶν
533 1228 565 1288 Α
570 1227 627 1308 ,Β
657 1227 803 1308 σημείων
834 1217 986 1310 ἔρχοιτο,
1008 1222 1145 1310 Ιγεγονὸς

126 1327 170 1399 διν
198 1338 248 1418 είη
278 1329 315 1398 τὸ
344 1330 537 1416 ἐπιταχθέν·
570 1324 797 1412 ὑπερπιπτέτω
826 1326 864 1395 δὲ
891 1325 931 1394 τὰ
955 1337 1004 1415 A,
1025 1338 1069 1417 Β,
1092 1331 1144 1399 καὶ

126 1441 327 1525 ἐκβληθεῖσα
342 1437 395 1523 ἐφ’
414 1434 551 1521 ἑκάτερα
565 1431 629 1520 ἡΑ
633 1441 661 1500 Β
677 1434 886 1522 συμπιπτέτω
900 1443 1136 1531 τῇπεριφερεί,

127 1542 210 1612 κατὰ
227 1545 268 1611 τὰ
289 1549 328 1628 Θ,
344 1547 388 1626 Κ,
407 1541 462 1608 καὶ
481 1543 734 1627 ἐπεζεύχθωσαν
754 1543 791 1607 αί
806 1546 877 1626 ΖΘ,
892 1547 958 1626 ΘΕ,
973 1549 1056 1630 ΕΚ,
1071 1551 1144 1628 ΚΖ,

127 1650 184 1716 καὶ
207 1646 303 1734 ἤχθω
328 1645 384 1712 διὰ
408 1649 469 1712 τοῦ
492 1652 520 1711 Β
544 1655 584 1734 τῇ
608 1644 671 1733 μὲν
694 1653 760 1713 ΖΚ
781 1644 994 1735 παράλληλος
1017 1647 1039 1735 ἡ
1064 1657 1146 1734 ΜΒ,

78 1757 168 1841 15τῇ
199 1749 236 1818 δὲ
262 1748 377 1837 ΚΕὴ
411 1755 490 1838 ΒΛ,
522 1751 579 1818 καὶ
607 1751 860 1841 ἐπεζεύχθωσαν
888 1755 926 1843 αί
950 1759 1044 1838 MA,
1068 1762 1146 1823 ΑΛ·

129 1863 264 1927 ἔσονται
283 1855 325 1946 δὴ
343 1858 405 1941 καὶ,
419 1854 517 1926 αὐταὶ
535 1857 743 1948 παράλληλοι
761 1848 834 1938 ταῖς
846 1844 926 1945 ΖΘ,
946 1865 1013 1926 ΘΕ
1035 1860 1146 1930 διὰτὸ

130 1974 209 2054 ίσην
233 1962 405 2053 εἶναιτὴν
428 1965 490 2053 μὲν
513 1974 585 2033 AA
610 1968 650 2054 τῇ
675 1971 753 2050 ΔΒ,
776 1961 838 2052 τὴν
862 1963 899 2032 δὲ
922 1972 988 2033 ΔΘ
1011 1977 1054 2056 τῇ
1080 1972 1150 2035 ΔΚ

130 2071 287 2162 καὶπρὸς
306 2070 414 2161 ὀρθὰς
433 2069 519 2140 εἶναι
538 2072 600 2158 τὴν
621 2078 723 2138 ZAE
738 2081 778 2159 τῇ
793 2076 868 2138 ΘΚ.
903 2072 959 2139 καὶ
973 2072 1045 2141 ἐπεὶ
1061 2071 1146 2162 ὀρθή

132 2181 223 2246 ἐστιν
245 2175 266 2265 ἡ
290 2178 373 2267 πρὸς
395 2183 440 2270 τῷ
465 2187 500 2246 Κ
520 2183 643 2264 γωνία,
670 2177 726 2244 καὶ
749 2176 956 2264 παράλληλοι
980 2181 1017 2245 αί
1038 2185 1147 2248 ΜΒΛ
1181 2236 1185 2245 .

78 2299 113 2349 20
131 2299 204 2365 ταῖς
224 2290 335 2370 ΖΚΕ,
359 2283 449 2372 ὀρθὴ
474 2283 538 2372 ἄρα
560 2283 616 2350 καὶ
639 2277 664 2371 ἡ
684 2288 768 2372 πρὸς
789 2286 834 2376 τῷ
859 2290 900 2350 Β·
925 2282 981 2351 διὰ
1004 2283 1047 2352 τὰ
1065 2283 1148 2354 αὐτὰ

133 2393 174 2478 δὴ
202 2391 258 2458 καὶ
285 2387 306 2476 η
333 2388 417 2477 πρὸς
439 2394 484 2481 τῷ
507 2398 549 2458 Α.
595 2381 679 2457 ὥστε
703 2386 721 2458 ὁ
745 2392 820 2480 περὶ
843 2386 906 2477 τὴν
928 2397 1004 2459 ΜΛ
1028 2390 1148 2473 κύκλος

131 2497 347 2587 γραφόμενος
378 2495 448 2582 ἥξει
482 2493 538 2562 διὰ
570 2497 638 2563 τῶν
670 2505 718 2582 A,
742 2503 779 2563 Β.
835 2495 1019 2586 γεγράφθω
1054 2495 1100 2579 ὡς
1131 2495 1148 2565 ὁ

133 2610 288 2671 ΜΑΛΒ.
333 2602 389 2670 καὶ
417 2600 486 2668 ἐπεὶ
513 2599 727 2688 παράλληλός
754 2604 845 2670 ἐστιν
869 2599 889 2691 η
913 2608 986 2670 ΜΒ
1009 2607 1051 2692 τῇ
1075 2610 1150 2688 ΖΚ,

134 2713 236 2795 ἐστιν,
260 2706 305 2789 ὡς
328 2706 349 2795 ἡ
369 2715 433 2774 ZA
456 2706 540 2795 πρὸς
564 2714 651 2793 AM,
675 2705 695 2796 ἡ
716 2713 787 2775 KA
805 2706 888 2797 πρὸς
907 2715 983 2776 AB.
1026 2707 1150 2795 ὁμοίως

80 2827 114 2878 25
135 2815 176 2902 δὴ
204 2821 273 2899 καί,
301 2811 346 2893 ὡς
373 2811 394 2899 ἡ
418 2819 489 2879 KA
510 2810 595 2901 πρὸς
618 2821 696 2900 AB,
724 2810 742 2880 ί
769 2821 838 2884 EA
865 2812 948 2903 πρὸς
973 2823 1050 2883 AA.
1095 2818 1150 2884 καὶ

207 3049 232 3098 3.
252 3040 298 3112 δέ]
318 3039 355 3109 δή
369 3061 396 3112 p.
465 3048 490 3096 4.
511 3044 580 3114 EA]
600 3047 657 3098 ΣΔ
672 3043 740 3134 Wp,
760 3059 829 3098 corr.
846 3043 952 3099 Comm.
1015 3051 1046 3101 ’5.
1067 3040 1151 3115 ἐστίν,

134 3114 177 3166 -ίν
197 3113 228 3166 in
245 3129 310 3178 ras,
329 3112 374 3169 W.
449 3118 474 3169 8.
493 3114 531 3168 τῶ
543 3115 665 3203 (με,)χμ,
684 3135 716 3169 το
737 3114 782 3170 W.
855 3121 881 3170 9.
900 3109 979 3185 ἥξειν
994 3145 1028 3156 -
1046 3122 1087 3174 10.
1108 3137 1153 3187 ση-

135 3184 234 3254 μείων]
254 3200 309 3238 om.
328 3201 356 3252 p.
448 3189 472 3239 9.
499 3168 592 3257 ἥξειν]
611 3187 674 3255 ηξει
692 3187 742 3254 W,
770 3201 840 3242 corr.
859 3185 978 3253 Comm.;
1006 3185 1072 3244 fort.
1090 3184 1153 3258 ἥξει

135 3252 316 3308 retinendum
335 3255 365 3306 et
382 3271 433 3324 pro
453 3257 502 3310 δεῖ
515 3254 564 3311 lin.
580 3262 596 3310 8
617 3256 698 3312 scrib,
719 3253 790 3326 ἥκοι.
865 3263 906 3311 17.
925 3258 973 3329 τῇ]
992 3276 1020 3327 p,
1039 3256 1091 3329 τήν
1107 3261 1151 3315 W.

171 3325 238 3408 AB]
259 3327 314 3379 ΔΕ
333 3325 403 3395 Wp‚
423 3342 492 3381 corr.
509 3328 613 3383 Comm.
687 3325 733 3399 δε]
752 3347 780 3398 p,
800 3331 856 3382 ΔΕ
874 3327 919 3383 W.
993 3334 1036 3385 18.
1056 3333 1151 3397 ΖΔΕλ

136 3397 247 3466 scripu,
272 3399 355 3451 ΔΖΕ
373 3397 448 3468 Wp,
472 3402 555 3453 ΕΔΖ
579 3398 682 3468 Halley
700 3416 764 3454 eum
783 3397 889 3454 Comm.
982 3404 1023 3455 19.
1049 3403 1152 3473 ΜΒΛ]

136 3469 242 3539 scripsi,
260 3472 352 3523 ΜΒΛ
370 3467 445 3539 Wp,
463 3475 531 3538 ΜΒ,
546 3475 598 3525 ΒΛ
619 3470 719 3540 Halley
736 3487 799 3524 cum
819 3469 924 3526 Comm.
1009 3477 1053 3528 22.
1072 3472 1108 3544 Β]
1131 3478 1156 3527 Γ
