2444 3892
452 153 680 208 FRAGMENTA.
1013 157 1075 220 111

59 298 212 361 δείκνυσι
236 292 274 362 δὲ
298 293 421 380 ταύτην
440 292 663 375 Ἀπολλοίνιος
686 294 747 383 μὲν
771 294 872 364 πάλιν
897 297 949 365 ἐπὶ
967 305 1077 379 ψιλῶν

58 404 127 468 τῶν
156 398 303 470 εὐθειῶν
332 405 575 489 τριβακωτερον
598 400 818 490 πειρώμενος,
844 403 998 492 καθάπερ
1021 406 1077 474 καλ

59 506 112 576 ἐπὶ
148 510 210 575 τοῦ
248 509 408 596 δευτέρου
443 514 578 595 βιβλίου
614 512 683 578 τῶν
719 510 862 597 προίτων
902 516 1076 598 στοιχείων

57 611 257 700 Εὐκλείδου,
275 614 331 680 καὶ
352 612 505 700 [ταύτην]
520 612 622 683 πάλιν
637 614 945 702 εἰσαμωμικοίτερον
959 619 1077 686 έπανα-

56 720 199 810 γρίφων
231 722 402 801 δείξαντος
433 721 489 787 καὶ
517 717 651 808 εὐφυῶς
679 718 735 788 διὰ
764 724 833 789 των
861 718 1076 809 ἡμικυκλίου·
1113 742 1129 790 5

57 831 124 913 ἔχει
148 825 185 894 δὲ
207 831 245 894 τὸ
269 826 331 913 μὲν
349 830 483 913 πρῶτον
502 830 636 912 βιβλίου
654 826 872 913 προβλήματα
891 832 921 914 ξ,
946 828 1075 917 ἐπιτάγ-

56 959 143 1021 ματα
161 939 207 1019 Ε,
232 933 429 1021 διορισμοδς
445 944 474 1017 ἓ,
497 923 546 1000 οἷν
565 937 741 1019 μεγίστους
760 931 822 1019 μὲν
842 919 877 1018 δ,
901 932 1075 1020 ἐλάχιστον

56 1038 95 1107 δὲ
119 1040 191 1106 ἕνα·
214 1044 274 1106 καί
294 1043 381 1106 είσιν
405 1040 554 1126 μέγιστοι
578 1038 640 1126 μὲν
664 1037 736 1107 ὅτε
755 1039 838 1106 κατὰ
858 1037 896 1106 τὸ
917 1037 1075 1127 δεύτερον

56 1147 219 1233 ἐπίταγμα
241 1148 302 1214 τοῦ
328 1146 487 1232 δευτέρου
510 1144 744 1232 προβλήματος
762 1146 817 1214 καὶ
842 1142 860 1213 δ
879 1142 961 1213 κατὰ
980 1145 1018 1214 τὸ
1037 1145 1074 1233 γ’

55 1256 117 1319 τοῦ
142 1251 175 1319 δ’
199 1250 437 1339 προβλήματος
458 1251 514 1319 καὶ
538 1250 556 1320 ὁ
579 1249 662 1320 κατὰ
686 1250 724 1320 τὸ
747 1257 862 1339 τρίτον
885 1255 947 1321 τοῦ
970 1251 999 1320 ε’
1019 1253 1072 1320 καὶ
1094 1274 1127 1322 10

56 1354 75 1424 ὁ
98 1356 181 1424 κατδι
204 1355 243 1424 τὸ
267 1361 381 1442 τρίτου
403 1360 466 1425 τοῦ
489 1359 600 1444 ἕκτου,
630 1357 802 1445 ἐλάχιστος
825 1358 862 1426 δὲ
887 1355 905 1426 ὁ
929 1357 1072 1428 κατὰτὸ

54 1468 169 1549 τρίτον
185 1464 347 1550 ἐπίταγμα
356 1467 417 1531 τοῦ
426 1468 541 1550 τρίτου
551 1466 795 1552 προβλήματος.
816 1462 854 1533 τὸ
866 1464 904 1532 δὲ
915 1465 1074 1552 δεύτερον

57 1570 280 1656 διωρισμένης
302 1572 405 1657 τομής
429 1574 495 1656 ἔχει
518 1569 736 1659 προβλήματα
758 1576 846 1659 τρία,
870 1571 1074 1657 ἐπιτάγματα

55 1663 92 1761 δ,
117 1675 314 1761 διορισμοὺς
332 1681 363 1762 β,
387 1667 436 1744 ὧν
456 1680 541 1745 είσιυ
561 1676 727 1764 ἐλάχιστοι
745 1676 807 1765 μὲν
827 1679 900 1764 δύο,
922 1677 1074 1764 μέγιστος

56 1781 93 1849 δὲ
122 1793 159 1867 οἳ,
191 1785 251 1848 καί
275 1785 361 1849 εἰσιν
390 1784 556 1869 ἐλάχιστοι
584 1782 645 1870 μὲν
674 1781 693 1851 ὅ
720 1809 756 1852 τε
783 1783 866 1851 κατὰ
891 1781 930 1850 τὸ
957 1788 1072 1872 τρίτον
1093 1804 1125 1852 15

54 1890 116 1955 τοῦ
153 1885 288 1975 προίτου
323 1887 379 1955 καὶ
416 1885 435 1956 ὁ
472 1886 553 1957 κατὰ
591 1887 630 1956 τὸ
662 1894 775 1978 τρίτον
807 1894 869 1959 τοῦ
902 1891 1072 1977 δευτέρου,

55 1993 209 2079 μέγιστος
233 1991 271 2059 δὲ
291 1989 308 2061 ὁ
327 1994 410 2061 κατὰ
429 1992 467 2061 τὸ
485 1999 600 2082 τρίτον
618 1998 680 2062 τοῦ
697 2000 812 2083 τρίτου
831 1994 1072 2083 προβλήματος.

123 2098 288 2187 Λήμματα
317 2099 354 2167 δὲ
382 2105 449 2187 ἔχει
475 2098 513 2169 τὸ
542 2099 603 2187 μὲν
630 2106 765 2189 πρῶτον
792 2106 927 2189 βιβλίον
954 2088 1005 2187 κ-ζ,
1032 2101 1071 2170 τὸ

56 2203 94 2271 δὲ
119 2204 278 2294 δεύτερον
297 2192 357 2293 κδ,
381 2207 609 2294 θεωρημάτων
634 2208 674 2275 δέ
694 2209 785 2277 ἐστιν
807 2205 848 2278 τὰ
873 2211 934 2276 δύο
958 2213 1072 2295 βιβλία

57 2313 279 2398 διωρισμένης
301 2315 405 2399 τομής
427 2317 480 2394 π-γ.
1091 2333 1125 2382 20

126 2439 176 2502 17.
199 2437 329 2522 Pappus
352 2436 431 2524 VH,
456 2438 520 2504 142
542 2462 571 2523 p.
598 2440 676 2524 798,
700 2441 740 2504 11
766 2461 825 2525 sq.:

56 2596 81 2648 Θ
168 2601 193 2647 A
389 2598 420 2648 H
502 2600 529 2649 Κ
627 2544 784 2630 Ἀπήκται
817 2541 883 2630 ι’ίρα
914 2547 961 2624 εἰς
994 2549 1071 2612 διω-

63 2663 179 2702 ¹—¹
394 2666 509 2702 ι--Ι
564 2649 736 2737 ρισμένης·
760 2650 953 2736 δεδομένων
967 2654 1071 2737 τριῶν

180 2741 205 2788 Λ
564 2752 710 2824 εύοειει
743 2759 811 2823 τοι
839 2761 917 2841 οΛ,
938 2761 1018 2841 AK,
1040 2763 1071 2822 A

53 2870 165 2945 τεμεῖν
187 2857 251 2946 τήν
269 2865 343 2926 ΔΚ
363 2858 446 2926 κατὰ
468 2858 506 2927 τὸ
527 2866 562 2926 Η
582 2861 638 2929 καὶ
661 2874 771 2929 ποιεῖν
794 2859 898 2948 λόγου
921 2865 983 2929 τοῦ
1004 2858 1069 2929 ὑπὸ
1089 2878 1123 2927 25

53 2970 164 3032 ΘΗΚ
185 2963 268 3046 πρὸς
290 2963 328 3033 τὸ
348 2961 414 3032 ὑπὸ
435 2971 476 3051 Λ,
493 2972 568 3032 ΗΛ
586 2974 663 3034 ίσου
686 2966 769 3056 πρὸς
792 2976 877 3038 ίσον.

128 3097 151 3143 1.
171 3090 300 3143 δείκνυσι
314 3119 348 3128 -
362 3093 387 3142 5.
407 3083 590 3159 ἡμικυκλίου]
614 3091 812 3162 interpolatori
826 3092 927 3147 tribuit
940 3092 1068 3149 Hultsch.

92 3164 115 3212 1.
136 3157 188 3227 μὲν
202 3154 300 3230 πάλιν]
321 3161 461 3229 corrupta,
480 3178 534 3216 om.
548 3160 658 3232 Halley.
718 3169 743 3219 4.
763 3162 883 3235 ταύτην]
899 3164 988 3219 deleo.
1044 3169 1069 3220 5.

55 3229 215 3300 δείξαντος]
230 3231 402 3300 corruptum,
421 3231 516 3296 δείξας
530 3250 559 3286 τε
578 3231 694 3302 Halley;
710 3234 777 3318 fort.
793 3235 892 3300 δεξιῶς
906 3253 945 3289 τε.
1001 3241 1068 3304 sssq.

53 3299 582 3442 ουκαιιιαιικι.
613 3303 1070 3448 κτιιντιηιιι

56 3456 72 3495 e
91 3459 117 3510 p.
134 3449 193 3512 770,
210 3449 243 3500 19
263 3444 322 3514 (ubi
335 3446 431 3500 tamen
446 3441 518 3499 εἰσιν
538 3447 615 3514 om.);
634 3465 661 3516 p.
677 3451 737 3515 644,
753 3451 787 3502 16
802 3463 856 3503 om.
871 3447 951 3503 codd.
1025 3454 1067 3504 22.

54 3512 253 3588 διωρισμένης]
265 3513 452 3589 διωρισμένην
463 3515 688 3588 Commandinus,
703 3516 889 3591 διωρισμένης
898 3515 931 3574 α’
939 3519 1068 3576 Hultsch.
