2444 3892
107 188 171 244 LVI
478 189 756 243 PROLEGOMENA.

172 330 275 386 deinde
285 328 401 384 lacunas
411 327 440 383 in
450 328 476 382 V
485 345 540 384 non
552 328 724 398 significatas
735 344 818 400 saepe
831 331 908 386 recte
923 331 1139 390 animaduertit

108 413 139 465 et
164 410 200 464 ad
223 426 335 464 sensum
362 409 440 463 haud
463 411 537 463 male
562 407 698 478 expleuit,
726 408 868 465 interdum
891 413 989 466 autem
1016 415 1136 471 notauit

109 492 224 545 tantum
242 491 265 558 (I
283 507 312 558 p.
332 495 391 558 110,
413 490 469 558 13),
493 489 635 544 interdum
654 487 881 558 supplementum
899 491 1065 563 incohauit,
1086 497 1136 550 sed

113 569 254 629 adfinem
273 570 425 639 perducere
444 586 500 624 non
519 569 612 639 potuit
630 568 654 638 (I
672 586 699 637 p.
719 573 780 637 1⁷0,
800 571 840 640 2);
868 570 881 624 Ι
899 590 927 640 p.
946 577 1010 640 362,
1031 578 1069 630 26
1093 575 1136 630 la·

113 666 217 704 cunam
238 651 304 719 post
326 651 376 718 τῆς
393 650 481 720 τομῆς
502 649 575 704 66166
598 648 724 717 notauit,
754 666 816 705 cum
839 651 971 706 debuerit
993 656 1067 708 ante
1087 656 1136 724 τῆς

107 731 209 800 vepris,
236 729 249 781 I
267 748 294 798 p.
315 735 376 798 344,
395 734 429 784 20
451 728 511 783 sine
531 743 617 783 causa
636 727 767 783 lacunam
786 729 900 800 statuit,
923 731 992 799 quia
1010 750 1073 788 non
1093 734 1134 790 iu·

111 809 235 877 66116666,
264 811 299 864 ad
328 807 381 880 μέν
407 809 576 878 respondere
604 809 656 862 καί
679 809 728 864 lin.
748 815 791 863 21.
832 809 961 865 similiter
984 810 1135 869 interdum

112 905 236 944 errorem
260 889 375 944 subesse
398 891 475 944 recte
498 888 597 956 sensit,
621 888 670 944 sed
694 891 744 944 aut
761 890 892 945 lacunam
910 889 1042 962 reliquit,
1067 893 1136 962 quia

111 970 338 1026 emendationem
361 969 484 1038 reperire
507 985 564 1023 non
586 970 683 1038 posset
705 968 855 1038 (16296,
876 976 903 1038 1;
928 975 990 1040 368,
1009 975 1056 1041 3),
1086 976 1137 1030 aut

110 1050 142 1104 in
162 1049 335 1106 emendando
360 1049 464 1104 errauit
483 1047 512 1118 (I
529 1067 557 1118 p.
577 1053 638 1116 298,
657 1054 685 1116 93
711 1053 772 1117 362,
791 1050 849 1119 26);
878 1049 904 1102 II
922 1068 948 1119 p.
968 1057 1012 1120 62,
1036 1059 1053 1107 9
1078 1053 1135 1125 pri·

110 1147 189 1185 mum
204 1135 253 1184 AB
269 1129 389 1198 scripsit,
409 1127 483 1181 sicut
497 1127 527 1181 in
541 1127 567 1181 V
582 1129 634 1197 666,
649 1127 752 1182 deinde
767 1144 888 1183 errorem
902 1128 976 1185 uidit
990 1133 1021 1185 et
1037 1149 1135 1190 emen-

108 1209 190 1264 dauit
208 1210 323 1278 (APB).

187 1307 249 1345 curn
278 1288 322 1341 his
350 1286 421 1341 loeis
450 1286 633 1356 interpolatio
662 1287 819 1343 certissima
847 1288 896 1358 sit,
924 1289 1056 1345 dubitari
1079 1310 1134 1349 non

115 1371 221 1440 666666,
242 1367 310 1437 quin
329 1366 535 1437 discrepantiae
554 1367 708 1436 grauiores,
729 1367 829 1436 quibus
846 1385 904 1424 non
922 1370 1009 1425 modo
1024 1390 1136 1430 errores

114 1449 312 1513 emendantur,
342 1444 388 1499 sed
416 1444 501 1500 etiam
527 1446 622 1502 omnia
645 1446 760 1501 insolita
785 1451 814 1503 et
836 1449 1018 1518 exquisitiora
1043 1454 1135 1524 (uelut

115 1528 296 1600 συνημμένον
319 1525 333 1579 I
352 1544 379 1596 p.
399 1531 459 1593 342,
480 1532 508 1593 3,
537 1543 588 1596 666
611 1543 667 1596 quo
690 1525 818 1597 restituit
840 1529 955 1584 solitum
974 1531 1049 1587 illud
1069 1553 1135 1607 συγ-

114 1611 260 1679 eriperem
284 1605 336 1660 sed
355 1607 404 1660 cfr.
424 1605 437 1659 Ι
455 1623 482 1675 p.
503 1612 563 1674 346,
582 1610 611 1675 3)
632 1607 825 1678 eliminentur,
848 1607 1067 1680 interpolatioui
1086 1616 1134 1670 tri·

113 1689 243 1744 buendae
262 1687 326 1742 sint.
365 1687 413 1753 qui
432 1703 479 1741 666
498 1687 724 1755 perlustrauerit,
743 1689 891 1760 concedet,
914 1689 1067 1749 librarium
1085 1711 1133 1750 uo-

113 1773 204 1824 strum
226 1766 392 1837 plerumque
414 1767 491 1822 recte
519 1767 705 1835 intellexisse,
733 1768 768 1823 de
791 1785 848 1836 qua
872 1785 902 1825 re
928 1774 1077 1844 ageretur,
1105 1777 1133 1830 et

112 1847 250 1904 sermonis
268 1846 531 1903 mathematicorum
552 1848 722 1904 Graecorum
739 1848 942 1918 peritissimum
960 1850 1062 1923 trisse3
1083 1856 1133 1910 sed

112 1930 198 1985 simul
211 1926 371 1999 perspiciet,
391 1944 425 1981 ex
442 1947 461 1999 p
482 1928 519 1984 ad
533 1928 621 1985 uerba
633 1927 779 1998 Apollonii
793 1928 970 1985 emendanda
983 1931 1059 1987 nihil
1072 1935 1132 2006 peti

112 2028 204 2081 posse,
218 2010 274 2066 nisi
288 2009 364 2079 quod
381 2007 513 2063 librarius
528 2026 579 2063 sua
593 2007 755 2063 coniectura
769 2007 868 2064 effecit.
892 2008 941 2077 qui
954 2011 1005 2064 ubi
1018 2013 1132 2083 uixerit,

111 2092 213 2161 postea
231 2090 399 2146 uidebimus.

11 2184 56 2222 as
69 2182 109 2222 666
187 2169 301 2223 Summa
318 2169 406 2239 igitur
423 2167 507 2222 huius
527 2167 727 2236 disputationis
745 2183 779 2222 ea
798 2170 854 2236 est,
877 2171 965 2226 uerba
982 2171 1130 2243 Apollonii

113 2249 150 2304 ad
163 2248 189 2302 V
204 2248 296 2303 solum
309 2248 485 2304 restituenda
505 2263 578 2315 esse3
597 2264 681 2315 quem
702 2248 827 2303 codicem
841 2248 937 2319 potius
952 2253 1067 2309 saeculo
1079 2255 1130 2310 XII

114 2344 199 2397 quam
216 2326 281 2381 XIII
299 2328 445 2383 tribuerim
465 2328 501 2383 ob
514 2342 602 2397 genus
617 2326 771 2396 scripturae
785 2346 905 2398 magnae
919 2333 949 2385 66
961 2331 1130 2405 inaequalis,

112 2423 186 2476 quae
210 2405 354 2462 codicibus
377 2406 597 2464 membranaceis
621 2405 728 2462 saeculi
750 2408 802 2463 XII
828 2410 919 2465 multo
943 2411 1065 2469 similior
1089 2421 1131 2473 est

112 2504 197 2556 quam
221 2486 397 2557 bombycinis
420 2487 531 2543 saeculo
550 2486 615 2539 XIH
636 2485 759 2542 usItatis.
803 2489 854 2544 sed
877 2507 1048 2560 quamquam
1072 2515 1129 2554 non

111 2567 323 2624 uetustissimus
344 2573 393 2639 est,
413 2567 538 2624 codicem
557 2565 788 2637 uetustissimum,
808 2569 926 2625 fortasse
946 2575 1053 2630 saeculi
1066 2576 1127 2648 VII,

111 2649 215 2704 litteris
234 2649 391 2705 uncialibus
410 2648 545 2718 seriptum
564 2648 594 2701 et
612 2646 786 2716 compendiis
805 2650 945 2719 repletum
963 2669 1129 2723 repraesen.

112 2734 173 2785 tare
191 2729 334 2800 putandus
353 2729 405 2795 est,
425 2733 456 2782 ut
473 2730 613 2782 testantur
626 2726 657 2780 hi
672 2743 791 2783 errores:
811 2730 824 2782 I
837 2747 864 2798 p.
877 2734 937 2801 186,
947 2737 982 2786 20
996 2733 1129 2805 dioptrae

111 2826 162 2880 pro
186 2806 219 2863 αἱ
239 2805 339 2879 ὀρθίαι
362 2806 484 2862 confusis
503 2809 524 2859 Α
548 2810 577 2861 et
595 2812 634 2879 Δ,
662 2807 720 2877 Ip.
742 2813 807 2877 368,
830 2815 842 2862 1
867 2812 917 2864 τοῦ
941 2829 992 2882 666
1015 2811 1047 2869 τὸ
1068 2813 1127 2872 ὑπό

109 2891 225 2959 6666666
239 2887 435 2958 compendium
453 2882 488 2940 Y'
500 2912 534 2933 =
548 2882 613 2955 ὑπό,
633 2888 645 2941 l
658 2904 686 2955 p.
702 2892 762 2956 304,
780 2893 812 2942 16
829 2892 945 2960 6666666
958 2890 1035 2949 idem
1050 2912 1129 2951 com—

109 2979 243 3046 pendium
260 2966 333 3045 &ab
351 2994 402 3047 666
421 2971 477 3030 ὑπὸ
497 2977 591 3045 ΖΛΘ,
619 2975 677 3045 Ip.
699 2981 812 3046 136,1'l
837 2974 897 3032 AI’
918 2996 968 3049 pro
987 2985 1128 3053 τρίγωνον

109 3060 224 3127 6666666
242 3073 332 3129 comp.
351 3054 399 3125 Δ“,
418 3054 432 3108 Ι
450 3074 477 3125 p.
492 3059 552 3123 368,
570 3061 601 3110 11
621 3049 688 3110 ὅλον
706 3073 758 3126 666
778 3050 794 3112 ὃ
814 3055 896 3128 λόγον
915 3063 1031 3131 6666666
1050 3079 1128 3119 com·

108 3139 242 3207 pendium
260 3143 310 3194 2⁰⁹.

509 3301 722 3310 -———-
