2444 3892
144 165 208 231 150
422 163 687 218 COMMENTARIA
706 161 875 226 Δαυιοοι.

143 306 250 388 οὕτως
282 304 302 394 ἡ
335 313 401 374 ΒΑ
433 305 517 390 πρὸς
546 313 630 372 ΑΛ·
666 304 872 391 παράλληλοι
906 300 972 391 ἄρα
1004 301 1095 369 είσὶν
1128 305 1169 371 αί

143 420 219 501 ΛΓ,
239 421 301 480 ιιι
325 414 428 496 [Eucl.
448 413 505 498 VI,
523 415 569 495 4].

211 554 245 622 ι’.
268 552 377 622 Ἔστω
401 558 569 641 τρίγωνον
592 552 654 640 μὲν
678 553 715 619 τὸ
735 558 844 638 ΑΒΓ,
868 552 1043 639 τραπέζιον
1064 551 1103 618 δὲ
1122 549 1163 619 τὸ

89 714 91 718 ι
143 667 299 746 ΔΕΖΗ,
333 659 417 728 ὥστε
445 668 523 746 ίσην
552 656 640 726 εἶναι
663 656 725 745 τὴν
747 655 814 726 ὑπὸ
838 662 941 725 ΑΒΓ
967 662 1098 744 γωνίαν
1122 660 1165 746 τῇ

108 764 210 835 οὖντὸ
231 774 333 835 ΔΕΖ
353 771 471 856 γωνίᾳ·
497 763 548 834 ὅτι
571 771 709 850 γίνεται,
734 761 779 843 ὡς
802 762 838 832 τὸ
864 760 930 832 ὑπὸ
952 770 1056 832 ΑΒΓ
1075 763 1166 850 πρὸς

143 872 181 941 τὸ
201 870 266 941 ὑπὸ
285 872 544 960 συναμφοτέρου
561 874 619 957 τῆς
634 876 717 956 ΛΗ,
733 877 795 937 ΒΖ
815 871 870 937 καὶ
884 879 942 956 τῆς
954 875 1033 955 ΑΒ,
1053 867 1165 951 οὕτως

143 981 181 1049 τὸ
207 985 311 1047 ΑΒΓ
329 980 414 1066 πρὸς
434 975 472 1046 τὸ
498 983 645 1044 ΔΕΖΗ.

209 1084 371 1173 ἤχθωσαν
393 1085 532 1152 κάθετοι
556 1087 594 1150 αί
613 1090 690 1168 ΑΘ,
710 1089 789 1150 ΔΚ.
832 1082 901 1150 ἐπεὶ
925 1082 963 1150 δέ
987 1090 1042 1169 ίση
1068 1083 1162 1151 ἐστὶν

143 1190 163 1278 ἡ
188 1191 250 1279 μέν
273 1189 339 1259 ὑπὸ
363 1196 467 1259 ΑΒΓ
485 1194 592 1275 γωνία
614 1193 654 1277 τῇ
678 1186 744 1257 ὑπὸ
766 1195 867 1255 ΔΒΖ
891 1193 1009 1277 γωνίᾳ,
1033 1184 1053 1275 ἡ
1076 1189 1113 1255 δὲ
1133 1195 1163 1256 Θ

277 1368 283 1386 ι
441 1365 447 1385 ι
1151 1346 1161 1381 9

143 1403 250 1484 οὕτως
274 1401 295 1491 ἡ
320 1409 389 1470 ΒΔ
416 1401 500 1488 πρὸς
523 1407 594 1467 ΔΚ
624 1403 725 1484 [Euel.
748 1403 806 1488 VI,
829 1404 875 1485 4].
925 1397 999 1468 ἀλλ’
1026 1398 1071 1481 ὡς
1099 1401 1162 1487 μὲν

142 1507 162 1596 ἡ
187 1516 254 1577 ΒΑ
275 1508 360 1593 πρὸς
382 1514 463 1593 ΑΘ,
492 1505 599 1587 οὕτως
622 1508 713 1575 ἐστὶν
735 1509 773 1576 τὸ
798 1505 865 1575 ὑπὸ

142 1620 245 1682 ΑΒΓ
273 1612 357 1702 πρὸς
383 1615 421 1681 τὸ
451 1611 516 1681 ὑπὸ
545 1620 622 1698 ΑΘ,
646 1620 722 1700 ΒΓ,
756 1610 800 1694 ὥς
829 1614 866 1682 δέ

142 1715 162 1804 ἡ
187 1726 256 1786 ΕΛ
278 1719 363 1807 πρὸς
384 1721 448 1808 τὴν
472 1727 559 1806 ΔΚ,
584 1723 691 1800 οὕτως
714 1720 804 1788 ἐστὶν
827 1720 864 1788 τὸ

91 1822 208 1893 1ιὺπό
237 1829 496 1914 συναμφοτέρου
523 1830 581 1914 τῆς
608 1834 697 1913 ΔΗ,
715 1833 778 1892 ΒΖ
810 1826 866 1892 καὶ

141 1935 200 2018 τῆς
216 1940 286 2001 ΔΒ
301 1931 387 2022 πρὸς
402 1933 440 2001 τὸ
454 1930 520 2001 ὑπὸ
537 1933 795 2022 συναμφοτέρου
808 1936 867 2019 τῆς

143 2045 227 2125 ΛΗ,
247 2047 309 2106 ΒΖ
331 2042 387 2108 καὶ
410 2066 470 2128 της
491 2047 571 2108 ΔΚ
612 2046 671 2108 καί
657 2042 781 2108 ίέστιν
803 2048 866 2106 τοῦ

143 2142 244 2232 μέν’
228 2143 292 2214 υπὸ
314 2154 390 2233 ΑΘ,
409 2145 508 2214 ΒΓ
494 2146 597 2234 ήμισυ
619 2145 657 2213 τὸ
677 2151 781 2213 ΑΒΓ
798 2150 864 2233 τρί-

142 2277 271 2339 γωνον,
298 2257 360 2322 τοῦ
382 2250 456 2321 δὲ
440 2251 505 2319 υτὸ
526 2251 784 2381 συναμφοτέρου
807 2179 944 2338 τῆςΕ

89 2375 124 2425 20
144 2364 232 2443 ΔΗ,
252 2365 315 2425 ΕΖ
348 2359 403 2425 καὶ
431 2361 488 2444 τῆς
512 2364 585 2423 ΛΚ
609 2355 713 2443 ἥμισυ
738 2356 776 2424 τὸ
801 2363 947 2426 ΔΒΖΗ
968 2357 1160 2443 τραπέζιον

143 2464 269 2529 έστιν”
248 2490 324 2550 αρα,
344 2491 390 2542 ως
406 2464 444 2531 τὸ
463 2459 528 2529 ὑπὸ
543 2467 648 2528 ΑΒΓ
660 2459 744 2548 πρὸς
761 2464 799 2529 τὸ
820 2460 885 2530 ὑπο
872 2461 1161 2550 συναμφοτέρου

142 2571 201 2651 τῆς
225 2574 308 2654 ΔΗ,
327 2576 390 2635 EZ
413 2567 467 2635 καὶ
490 2571 549 2654 τῆς
573 2574 656 2653 ΑΒ,
680 2565 787 2647 οὕτως
809 2571 847 2637 τὸ
870 2574 974 2636 ΑΒΓ
992 2574 1161 2655 τρίγωνον

142 2674 227 2759 πρὸς
249 2671 287 2739 τὸ
310 2681 452 2741 ΔΕΖΗ
473 2674 656 2759 τραπέζιον.

210 2777 265 2844 καὶ
295 2780 354 2846 ἐὰν
382 2772 403 2866 ᾖ
432 2778 470 2846 δέ
492 2786 659 2866 τρίγωνον
683 2778 718 2849 τὸ
743 2787 848 2849 ΑΒΓ
871 2781 928 2849 καὶ
949 2780 1161 2868 παραλληλό-

89 2900 123 2950 25
142 2911 297 2973 γραμμον
320 2884 357 2953 τὸ
376 2891 454 2970 ΔΖ,
477 2894 615 2972 γίνεται,
640 2883 684 2967 ως
706 2884 744 2955 τὸ
764 2894 867 2956 ΑΒΓ
884 2892 1053 2974 τρίγωνον
1072 2886 1159 2972 πρὸς

143 2989 182 3059 τὸ
206 2996 352 3058 ΔΕΖΗ
374 2991 741 3081 παραλληλόγραμμον,
775 2991 881 3073 οὕτως
908 2997 945 3062 τὸ
971 2990 1036 3062 ὑπὸ
1060 2999 1166 3060 ΑΒΓ

143 3101 227 3186 πρὸς
248 3100 285 3165 τὸ
310 3098 362 3177 δὶς
384 3094 450 3166 ὑπὸ
475 3105 591 3184 ΔΕΖ,
619 3097 765 3167 κατὰτὰ
789 3098 883 3167 αὐτοὶ.
929 3100 984 3167 καὶ
1008 3098 1160 3186 φανερὸν

144 3206 180 3271 ἐκ
203 3207 349 3289 τούτων,
373 3202 424 3272 ὅτι
447 3208 484 3273 τὸ
508 3203 570 3291 μὲν
593 3201 658 3273 ὑπὸ
682 3212 793 3291 ΑΒΓ,
822 3205 883 3273 ἐὰν
906 3197 927 3294 ᾖ
950 3206 1161 3294 παραλληλό-

216 3427 376 3490 Unel
342 3456 393 3492 ουν
378 3437 459 3504 νηίσ
479 3434 549 3490 coni.
568 3432 697 3488 Hultsch
758 3435 1009 3507 24.--.,p1514]
1028 3437 1161 3504 suspecta

143 3504 300 3563 Hultechio.
375 3513 417 3563 24
437 3456 482 3577 δέ]
502 3506 556 3561 del.
574 3505 702 3560 Hultsch.
