2444 3892
120 148 164 212 24
516 145 684 199 mmm
701 143 741 199 θ’.

122 290 160 358 δέ
183 286 264 376 μήτε
291 285 347 355 διὰ
370 290 432 355 τοῦ
455 292 490 353 Κ
514 286 595 374 μήτε
623 283 680 354 διὰ
706 288 769 354 τοῦ
790 291 839 370 Λ,
865 283 941 352 κατ’
968 284 1137 375 ἀμφότερα

122 394 325 482 συμβήσεται
347 391 385 461 τὸ
403 391 539 462 ἀτοπον.
576 389 622 461 δι’
644 388 844 479 ἀμφοτέρων
867 389 936 478 ἀρα
961 392 1136 463 ἐλεύσεται

607 647 659 689 ιε.

188 744 268 816 Ἐἀν
301 750 337 815 ἐν
370 745 614 833 ἀντικειμέναις
646 748 763 833 ληφθῇ
789 770 821 813 τι
849 759 994 831 σημεῖον
1012 748 1138 834 ’μεταξὺ

89 870 105 919 ο
123 857 192 924 τῶν
216 852 280 922 δύο
303 857 427 942 τομῶν,
450 853 506 921 καὶ
528 850 585 920 ἀπ’
606 849 713 920 αὐτοῦ
735 848 752 918 ί
777 850 839 938 μὲν
858 850 1055 940 ἐφάπτηται
1072 859 1139 942 μιᾶς

122 963 192 1030 τῶν
213 957 464 1048 ἀντικειμένων,
492 956 513 1045 ἡ
538 957 576 1026 δέ
597 955 700 1048 τέμνη
724 957 883 1044 ἑκατέραν
904 961 978 1026 τῶν
1001 958 1139 1030 ἀντικει

125 1067 253 1156 μένων,
280 1067 336 1135 καὶ
365 1064 410 1146 ῶς
438 1070 503 1152 ἔχει
531 1061 552 1151 ἡ
576 1065 698 1152 μεταξὺ
725 1068 784 1150 τῆς
811 1062 924 1150 ἐτέρας
953 1064 1082 1153 τομῆς,
1110 1057 1140 1153 ἧς

112 1172 188 1244 ὀἀκ
215 1173 394 1261 ἐφάπτεται
420 1168 442 1258 ἡ
470 1169 603 1256 εὐθεῖα,
631 1170 687 1237 καὶ
714 1174 776 1238 τοῦ
803 1175 945 1257 σημείου
974 1171 1068 1260 πρὸς
1089 1170 1140 1259 τὴν

125 1284 246 1368 μεταξὺ
268 1282 330 1348 τοῦ
354 1283 494 1366 σημείου
516 1277 572 1344 καί
594 1285 653 1363 τῆς
676 1276 787 1366 ἑτέρας
809 1279 926 1362 τομῆς,
955 1275 1071 1359 οὕτως
1092 1283 1138 1367 ἔχη

74 1402 107 1454 10
126 1392 246 1475 μείζων
273 1412 323 1465 τις
351 1382 468 1453 εάθεία
494 1387 553 1470 τῆς
580 1384 701 1470 μεταξὺ
733 1386 801 1451 τῶν
827 1385 942 1470 τομῶν
970 1385 1063 1472 πρὸς
1088 1383 1139 1472 τὴν

126 1490 295 1580 ἀπεροχὴν
319 1488 422 1577 αὐτῆς
443 1489 601 1577 κειμένην
625 1486 675 1558 ἐπ’
698 1487 833 1569 εὐθείας
855 1513 890 1556 τε
915 1489 973 1557 καὶ
997 1489 1087 1576 πρὸς
1102 1492 1138 1580 τῷ

127 1594 217 1687 αὐτῷ
250 1595 366 1681 πέρατι
398 1599 437 1684 τῇ
467 1593 638 1686 ὁμολόγφ,
670 1593 692 1682 ἡ
724 1593 790 1664 ἀπὸ
822 1599 883 1663 τοῦ
912 1596 1062 1682 πέρατος
1090 1599 1139 1685 τῆς

127 1706 277 1790 μείζονος
301 1698 437 1782 εὐθείας
465 1702 518 1770 ἐπὶ
544 1701 607 1788 τὴν
630 1698 723 1788 ἁφὴν
751 1701 901 1788 ἀγομένη
926 1717 1137 1789 συμπεσεῖται

128 1812 167 1898 τῇ
191 1812 290 1898 τομῇ,
318 1808 374 1876 καὶ
402 1804 422 1894 ίχ
447 1805 511 1876 ἀπὸ
541 1812 600 1895 τῆς
622 1807 845 1895 συμπτῶσεως
868 1807 921 1876 ἐπὶ
944 1808 984 1876 τὸ
1012 1808 1138 1896 ληφθὲν

77 1932 110 1983 1ο
130 1928 268 2005 σημείου
292 1914 441 2002 ἀγομένη
466 1917 642 2003 ἐφάπτεται
666 1918 725 2000 τῆς
747 1918 858 2001 τομῆς.

196 2027 345 2091 ἔστωσαν
378 2018 600 2108 ἀντικείμεναι
632 2023 669 2088 αί
694 2029 742 2105 Α,
765 2028 809 2105 Β,
840 2020 897 2088 καὶ
929 2019 1087 2107 εἰλήφθω
1112 2044 1138 2086 τι

129 2142 267 2215 σημεῖον
295 2130 416 2215 μεταξὺ
443 2132 512 2196 τῶν
534 2131 647 2213 τομῶν
669 2125 707 2196 τὸ
731 2135 765 2194 Δ
788 2124 883 2206 έντὸς
904 2129 963 2212 τῆς
985 2124 1055 2196 ὑπὸ
1078 2137 1138 2196 τῶν

129 2230 357 2321 ἀσυμπτῶτων
385 2234 619 2322 περιεχομένης
645 2238 784 2321 γωνίας,
817 2233 873 2300 καὶ
905 2230 957 2300 ἀπ’
989 2228 1138 2317 αὐτοῦἡ

130 2338 192 2426 μέν
217 2346 249 2405 Δ
256 2346 282 2405 Ζ
311 2338 442 2429 διήχθω
471 2339 698 2427 ἐφαπτομένη,
732 2336 753 2426 ἡ
782 2338 821 2407 δὲ
842 2347 947 2406 ΑΛΒ
975 2341 1139 2429 τέμνουσα

76 2466 111 2515 εο
130 2446 189 2526 τὰς
212 2443 330 2533 τομάς,
353 2447 408 2514 καί
432 2443 473 2515 ὃν
497 2450 562 2532 ἔχει
585 2443 690 2531 λόγον
708 2442 730 2531 ἡ
749 2452 823 2512 ΑΔ
840 2442 924 2534 πρὸς
942 2453 1023 2532 ΔΒ,
1047 2448 1139 2534 ἐχέτω

132 2550 150 2640 ἡ
174 2556 241 2620 ΑΓ
258 2550 342 2639 πρὸς
360 2558 427 2621 ΓΒ.
461 2552 620 2636 δεικτέον,
645 2547 697 2619 ὅτι
718 2548 740 2639 ἡ
764 2550 830 2620 ἀπὸ
854 2556 915 2619 τοῦ
935 2558 962 2619 Ζ
985 2553 1041 2621 έπὶ
1063 2550 1101 2621 τὸ
1118 2555 1145 2619 Γ

131 2658 355 2746 ἐκβαλλομένη
388 2670 602 2745 συμπεσεῖται
634 2661 674 2745 τῇ
706 2661 810 2746 τομῇ,
847 2656 903 2724 καὶ
934 2655 956 2744 ἡ
988 2655 1056 2727 ἀπὸ
1089 2661 1142 2744 τῆς

131 2763 355 2853 συμπτῶσεως
382 2762 435 2831 ἐπὶ
462 2762 499 2831 τὸ
523 2771 557 2830 Δ
584 2759 731 2850 ἀγομένη
760 2763 924 2850 ἐφάψεται
949 2766 1009 2850 τῆς
1035 2768 1143 2852 τομῆς.

198 2870 267 2941 ἐπεὶ
291 2871 355 2959 γὰρ
378 2867 415 2937 τὸ
437 2876 470 2937 Δ
493 2882 632 2957 σημεῖον
655 2868 749 2950 ἐντός
768 2871 836 2938 ἐστι
854 2873 912 2958 τῆς
929 2871 1145 2959 περιεχούσης

79 3005 113 3053 οε
132 2978 193 3066 τὴν
222 2976 328 3064 τομὴν
349 2980 489 3062 γωνίας,
518 2976 665 3044 δυνατόν
694 2977 762 3044 ἐστι
790 2977 846 3045 καὶ
868 2977 984 3064 ἑτέραν
1007 2978 1145 3064 ἐφαπτο·

133 3088 237 3172 μένην
270 3080 408 3170 ἀγαγεῖν
438 3080 503 3150 ἀπὸ
532 3086 592 3151 τοῦ
619 3090 661 3151 Δ.
707 3081 802 3170 ἤχθω
830 3080 852 3171 ἡ
881 3090 963 3167 ΔΕ,
994 3084 1053 3152 καὶ
1081 3086 1147 3153 ἐπι-

135 3200 308 3279 ζευχθεῖσα
331 3185 352 3276 ἦ
372 3196 436 3257 ΖΕ
457 3191 618 3276 ἐρχέσθω,
642 3192 673 3258 εί
696 3188 855 3275 δυνατόν,
879 3189 923 3276 μὴ
947 3187 1004 3258 διὰ
1027 3194 1092 3259 τοῦ
1111 3194 1148 3276 Γ,

191 3426 231 3543 ⁴113.
238 3436 311 3543 513
325 3418 387 3490 Vm
407 3418 597 3489 corr.Halley.
674 3424 715 3474 15.
736 3416 882 3488 ἐφάψεται
896 3439 923 3491 p.
998 3419 1150 3492 lam]

135 3508 190 3562 μ,
307 3531 313 3543 .
