<?xml version="1.0" encoding="UTF-8"?>
<!DOCTYPE html PUBLIC "-//W3C//DTD XHTML 1.0 Transitional//EN"
    "http://www.w3.org/TR/xhtml1/DTD/xhtml1-transitional.dtd">
<html xmlns="http://www.w3.org/1999/xhtml" xml:lang="en" lang="en">
 <head>
  <title>
</title>
<meta http-equiv="Content-Type" content="text/html;charset=utf-8" />
  <meta name='ocr-system' content='tesseract 3.04.00' />
  <meta name='ocr-capabilities' content='ocr_page ocr_carea ocr_par ocr_line ocrx_word'/>
</head>
<body>
  <div class='ocr_page' id='page_1' title='image "./apolloniipergae01apolgoog_0374.png"; bbox 0 0 2444 3892; ppageno 0'>
   <div class='ocr_carea' id='block_1_1' title="bbox 456 800 813 887">
    <p class='ocr_par' dir='ltr' id='par_1_1' title="bbox 456 800 813 887">
     <span class='ocr_line' id='line_1_1' title="bbox 456 800 813 887; baseline -0.003 -18"><span class='ocrx_word' id='word_1_1' title='bbox 456 807 525 882; x_wconf 81' lang='grc' dir='ltr'><strong><em>Εἰς</em></strong></span> <span class='ocrx_word' id='word_1_2' title='bbox 547 804 589 870; x_wconf 85' lang='grc' dir='ltr'><strong><em>τὸ</em></strong></span> <span class='ocrx_word' id='word_1_3' title='bbox 615 800 813 887; x_wconf 77' lang='grc' dir='ltr'><strong><em>δεύτερον.</em></strong></span> 
     </span>
    </p>
   </div>
   <div class='ocr_carea' id='block_1_2' title="bbox 92 934 1146 1356">
    <p class='ocr_par' dir='ltr' id='par_1_2' title="bbox 127 934 1146 1247">
     <span class='ocr_line' id='line_1_2' title="bbox 193 934 1146 1038; baseline -0.004 -21"><span class='ocrx_word' id='word_1_4' title='bbox 193 945 391 1038; x_wconf 78' lang='grc' dir='ltr'><strong><em>Ἀρχόμενος</em></strong></span> <span class='ocrx_word' id='word_1_5' title='bbox 409 948 469 1012; x_wconf 85' lang='grc' dir='ltr'><strong><em>τοῦ</em></strong></span> <span class='ocrx_word' id='word_1_6' title='bbox 488 943 523 1029; x_wconf 87' lang='grc' dir='ltr'><strong><em>β’</em></strong></span> <span class='ocrx_word' id='word_1_7' title='bbox 538 949 673 1030; x_wconf 80' lang='grc' dir='ltr'><strong><em>βιβλίου</em></strong></span> <span class='ocrx_word' id='word_1_8' title='bbox 686 947 754 1011; x_wconf 78' lang='grc' dir='ltr'><strong><em>τῶν</em></strong></span> <span class='ocrx_word' id='word_1_9' title='bbox 769 945 947 1027; x_wconf 77' lang='grc' dir='ltr'><strong><em>Κυνικῶν,</em></strong></span> <span class='ocrx_word' id='word_1_10' title='bbox 967 934 995 1009; x_wconf 75' lang='grc' dir='ltr'><em>ὦ</em></span> <span class='ocrx_word' id='word_1_11' title='bbox 1010 946 1146 1029; x_wconf 79' lang='grc' dir='ltr'><strong><em>φίλταιέ</em></strong></span> 
     </span>
     <span class='ocr_line' id='line_1_3' title="bbox 127 1046 1142 1141; baseline -0.005 -17"><span class='ocrx_word' id='word_1_12' title='bbox 127 1082 185 1141; x_wconf 88' lang='grc' dir='ltr'><strong><em>μοι</em></strong></span> <span class='ocrx_word' id='word_1_13' title='bbox 197 1055 362 1140; x_wconf 75' lang='grc' dir='ltr'><strong><em>Ἀνθέμιε,</em></strong></span> <span class='ocrx_word' id='word_1_14' title='bbox 376 1054 539 1119; x_wconf 83' lang='grc' dir='ltr'><strong><em>τοσοῦτον</em></strong></span> <span class='ocrx_word' id='word_1_15' title='bbox 551 1047 643 1136; x_wconf 78' lang='grc' dir='ltr'><strong><em>οἶμαι</em></strong></span> <span class='ocrx_word' id='word_1_16' title='bbox 654 1053 727 1117; x_wconf 77' lang='grc' dir='ltr'><strong><em>δεῖν</em></strong></span> <span class='ocrx_word' id='word_1_17' title='bbox 736 1062 920 1136; x_wconf 81' lang='grc' dir='ltr'><strong><em>προειπεῖν,</em></strong></span> <span class='ocrx_word' id='word_1_18' title='bbox 936 1046 987 1116; x_wconf 82' lang='grc' dir='ltr'><strong><em>ὅτι</em></strong></span> <span class='ocrx_word' id='word_1_19' title='bbox 997 1057 1142 1120; x_wconf 83' lang='grc' dir='ltr'><strong><em>τοσαῦτα</em></strong></span> 
     </span>
     <span class='ocr_line' id='line_1_4' title="bbox 127 1146 1142 1247; baseline -0.004 -19"><span class='ocrx_word' id='word_1_20' title='bbox 127 1160 215 1247; x_wconf 89' lang='grc' dir='ltr'><strong><em>μόνα</em></strong></span> <span class='ocrx_word' id='word_1_21' title='bbox 248 1164 295 1239; x_wconf 74' lang='grc' dir='ltr'><strong><em>εἰς</em></strong></span> <span class='ocrx_word' id='word_1_22' title='bbox 326 1155 408 1225; x_wconf 83' lang='grc' dir='ltr'><strong><em>αὐτὸ</em></strong></span> <span class='ocrx_word' id='word_1_23' title='bbox 439 1156 575 1245; x_wconf 80' lang='grc' dir='ltr'><em>γράφω,</em></span> <span class='ocrx_word' id='word_1_24' title='bbox 609 1154 671 1223; x_wconf 82' lang='grc' dir='ltr'><strong><em>ὅσα</em></strong></span> <span class='ocrx_word' id='word_1_25' title='bbox 703 1151 747 1222; x_wconf 71' lang='grc' dir='ltr'><strong><em>ἂν</em></strong></span> <span class='ocrx_word' id='word_1_26' title='bbox 779 1156 823 1241; x_wconf 82' lang='grc' dir='ltr'><strong><em>μὴ</em></strong></span> <span class='ocrx_word' id='word_1_27' title='bbox 856 1146 878 1242; x_wconf 87' lang='grc' dir='ltr'><strong><em>ῇ</em></strong></span> <span class='ocrx_word' id='word_1_28' title='bbox 909 1155 1059 1225; x_wconf 79' lang='grc' dir='ltr'><strong><em>δυνατὸν</em></strong></span> <span class='ocrx_word' id='word_1_29' title='bbox 1089 1156 1142 1225; x_wconf 78' lang='grc' dir='ltr'><strong><em>διὰ</em></strong></span> 
     </span>
    </p>

    <p class='ocr_par' dir='ltr' id='par_1_3' title="bbox 92 1264 813 1356">
     <span class='ocr_line' id='line_1_5' title="bbox 92 1264 813 1356; baseline -0.003 -25"><span class='ocrx_word' id='word_1_30' title='bbox 92 1270 197 1334; x_wconf 77' lang='grc' dir='ltr'><strong><em>στῶν</em></strong></span> <span class='ocrx_word' id='word_1_31' title='bbox 222 1268 257 1333; x_wconf 83' lang='grc' dir='ltr'><strong><em>ἐν</em></strong></span> <span class='ocrx_word' id='word_1_32' title='bbox 281 1269 326 1356; x_wconf 77' lang='grc' dir='ltr'><strong><em>τῷ</em></strong></span> <span class='ocrx_word' id='word_1_33' title='bbox 351 1264 469 1354; x_wconf 77' lang='grc' dir='ltr'><strong><em>πρώτῳ</em></strong></span> <span class='ocrx_word' id='word_1_34' title='bbox 494 1267 612 1352; x_wconf 78' lang='grc' dir='ltr'><em>βιβλίῳ</em></span> <span class='ocrx_word' id='word_1_35' title='bbox 635 1265 813 1348; x_wconf 74' lang='grc' dir='ltr'><strong><em>νοηθῆναι.</em></strong></span> 
     </span>
    </p>
   </div>
   <div class='ocr_carea' id='block_1_3' title="bbox 126 1473 1143 1901">
    <p class='ocr_par' dir='ltr' id='par_1_4' title="bbox 126 1473 1143 1901">
     <span class='ocr_line' id='line_1_6' title="bbox 536 1473 737 1553; baseline 0.01 -13"><span class='ocrx_word' id='word_1_36' title='bbox 536 1477 585 1540; x_wconf 81' lang='lat' dir='ltr'><strong><em>El</em></strong></span> <span class='ocrx_word' id='word_1_37' title='bbox 590 1502 606 1553; x_wconf 83' lang='grc' dir='ltr'><strong><em>ς</em></strong></span> <span class='ocrx_word' id='word_1_38' title='bbox 627 1473 670 1542; x_wconf 88' lang='grc' dir='ltr'><strong><em>τὸ</em></strong></span> <span class='ocrx_word' id='word_1_39' title='bbox 694 1473 737 1542; x_wconf 83' lang='grc' dir='ltr'><strong><em>α’.</em></strong></span> 
     </span>
     <span class='ocr_line' id='line_1_7' title="bbox 198 1596 1141 1688; baseline 0.001 -22"><span class='ocrx_word' id='word_1_40' title='bbox 198 1598 243 1667; x_wconf 84' lang='grc' dir='ltr'><strong><em>Τὸ</em></strong></span> <span class='ocrx_word' id='word_1_41' title='bbox 280 1602 416 1684; x_wconf 74' lang='grc' dir='ltr'><strong><em>πρῶτον</em></strong></span> <span class='ocrx_word' id='word_1_42' title='bbox 453 1597 613 1685; x_wconf 73' lang='grc' dir='ltr'><strong><em>θεώρημα</em></strong></span> <span class='ocrx_word' id='word_1_43' title='bbox 650 1608 776 1666; x_wconf 78' lang='grc' dir='ltr'><strong><em>πτῶσιν</em></strong></span> <span class='ocrx_word' id='word_1_44' title='bbox 814 1596 875 1666; x_wconf 85' lang='grc' dir='ltr'><strong><em>οὐκ</em></strong></span> <span class='ocrx_word' id='word_1_45' title='bbox 912 1603 995 1686; x_wconf 81' lang='grc' dir='ltr'><strong><em>ἔχει,</em></strong></span> <span class='ocrx_word' id='word_1_46' title='bbox 1032 1605 1065 1668; x_wconf 78' lang='grc' dir='ltr'><strong><em>εἰ</em></strong></span> <span class='ocrx_word' id='word_1_47' title='bbox 1099 1598 1141 1688; x_wconf 80' lang='grc' dir='ltr'><strong><em>μὴ</em></strong></span> 
     </span>
     <span class='ocr_line' id='line_1_8' title="bbox 126 1701 1141 1794; baseline 0.004 -23"><span class='ocrx_word' id='word_1_48' title='bbox 126 1706 192 1791; x_wconf 71' lang='grc' dir='ltr'><strong><em>ἄρα</em></strong></span> <span class='ocrx_word' id='word_1_49' title='bbox 208 1759 214 1773; x_wconf 96' lang='grc'><strong><em>.</em></strong></span> <span class='ocrx_word' id='word_1_50' title='bbox 229 1758 236 1774; x_wconf 93' lang='grc'><strong><em>.</em></strong></span> <span class='ocrx_word' id='word_1_51' title='bbox 252 1759 259 1774; x_wconf 91' lang='grc'><strong><em>.</em></strong></span> <span class='ocrx_word' id='word_1_52' title='bbox 275 1758 282 1773; x_wconf 96' lang='grc'><strong><em>.</em></strong></span> <span class='ocrx_word' id='word_1_53' title='bbox 296 1709 395 1772; x_wconf 80' lang='grc' dir='ltr'><strong><em>τοῦτο</em></strong></span> <span class='ocrx_word' id='word_1_54' title='bbox 419 1701 482 1792; x_wconf 79' lang='grc' dir='ltr'><strong><em>γὰρ</em></strong></span> <span class='ocrx_word' id='word_1_55' title='bbox 506 1709 545 1793; x_wconf 89' lang='grc' dir='ltr'><strong><em>τῇ</em></strong></span> <span class='ocrx_word' id='word_1_56' title='bbox 569 1707 765 1794; x_wconf 76' lang='grc' dir='ltr'><strong><em>καταγραφῇ</em></strong></span> <span class='ocrx_word' id='word_1_57' title='bbox 786 1703 955 1793; x_wconf 80' lang='grc' dir='ltr'><strong><em>διαφορὰν</em></strong></span> <span class='ocrx_word' id='word_1_58' title='bbox 980 1703 1023 1774; x_wconf 82' lang='grc' dir='ltr'><strong><em>οὐ</em></strong></span> <span class='ocrx_word' id='word_1_59' title='bbox 1041 1721 1141 1775; x_wconf 83' lang='grc' dir='ltr'><strong><em>ποιεῖ·</em></strong></span> 
     </span>
     <span class='ocr_line' id='line_1_9' title="bbox 126 1809 1143 1901; baseline 0.001 -23"><span class='ocrx_word' id='word_1_60' title='bbox 126 1814 164 1878; x_wconf 80' lang='grc' dir='ltr'><strong><em>αῖ</em></strong></span> <span class='ocrx_word' id='word_1_61' title='bbox 189 1810 253 1901; x_wconf 76' lang='grc' dir='ltr'><strong><em>γὰρ</em></strong></span> <span class='ocrx_word' id='word_1_62' title='bbox 283 1818 358 1899; x_wconf 89' lang='grc' dir='ltr'><strong><em>ΛΓ,</em></strong></span> <span class='ocrx_word' id='word_1_63' title='bbox 378 1818 443 1880; x_wconf 88' lang='grc' dir='ltr'><strong><em>ΓΕ</em></strong></span> <span class='ocrx_word' id='word_1_64' title='bbox 468 1809 685 1900; x_wconf 80' lang='grc' dir='ltr'><strong><em>ἄσύμπτοιτοῖ</em></strong></span> <span class='ocrx_word' id='word_1_65' title='bbox 708 1812 746 1879; x_wconf 84' lang='grc' dir='ltr'><strong><em>τέ</em></strong></span> <span class='ocrx_word' id='word_1_66' title='bbox 771 1814 835 1878; x_wconf 81' lang='grc' dir='ltr'><strong><em>εἰσι</em></strong></span> <span class='ocrx_word' id='word_1_67' title='bbox 856 1821 897 1899; x_wconf 83' lang='grc' dir='ltr'><strong><em>τῇ</em></strong></span> <span class='ocrx_word' id='word_1_68' title='bbox 920 1817 1005 1901; x_wconf 92' lang='grc' dir='ltr'><strong><em>τομῇ</em></strong></span> <span class='ocrx_word' id='word_1_69' title='bbox 1029 1813 1087 1881; x_wconf 79' lang='grc' dir='ltr'><strong><em>καὶ</em></strong></span> <span class='ocrx_word' id='word_1_70' title='bbox 1109 1815 1143 1880; x_wconf 81' lang='grc' dir='ltr'><strong><em>αῖ</em></strong></span> 
     </span>
    </p>
   </div>
   <div class='ocr_carea' id='block_1_4' title="bbox 74 1915 1140 2113">
    <p class='ocr_par' dir='ltr' id='par_1_5' title="bbox 74 1915 1140 2113">
     <span class='ocr_line' id='line_1_10' title="bbox 74 1915 1140 2007; baseline 0.002 -22"><span class='ocrx_word' id='word_1_71' title='bbox 74 1935 109 1986; x_wconf 86' lang='grc'><strong><em>10</em></strong></span> <span class='ocrx_word' id='word_1_72' title='bbox 129 1915 227 1986; x_wconf 79' lang='grc' dir='ltr'><strong><em>αὐταὶ</em></strong></span> <span class='ocrx_word' id='word_1_73' title='bbox 256 1920 454 2007; x_wconf 79' lang='grc' dir='ltr'><strong><em>διαμένουσι</em></strong></span> <span class='ocrx_word' id='word_1_74' title='bbox 480 1920 564 1988; x_wconf 83' lang='grc' dir='ltr'><strong><em>κατὰ</em></strong></span> <span class='ocrx_word' id='word_1_75' title='bbox 587 1923 698 1987; x_wconf 82' lang='grc' dir='ltr'><strong><em>πᾶσαν</em></strong></span> <span class='ocrx_word' id='word_1_76' title='bbox 722 1916 902 2005; x_wconf 77' lang='grc' dir='ltr'><strong><em>διάμετρον</em></strong></span> <span class='ocrx_word' id='word_1_77' title='bbox 924 1919 981 1985; x_wconf 85' lang='grc' dir='ltr'><strong><em>καὶ</em></strong></span> <span class='ocrx_word' id='word_1_78' title='bbox 1005 1917 1140 2006; x_wconf 76' lang='grc' dir='ltr'><strong><em>ἐφαπτο-</em></strong></span> 
     </span>
     <span class='ocr_line' id='line_1_11' title="bbox 126 2027 240 2113; baseline 0.009 -20"><span class='ocrx_word' id='word_1_79' title='bbox 126 2027 240 2113; x_wconf 81' lang='grc' dir='ltr'><strong><em>μένην.</em></strong></span> 
     </span>
    </p>
   </div>
   <div class='ocr_carea' id='block_1_5' title="bbox 75 2130 1138 2662">
    <p class='ocr_par' dir='ltr' id='par_1_6' title="bbox 75 2130 1138 2662">
     <span class='ocr_line' id='line_1_12' title="bbox 533 2130 731 2216; baseline -0.005 -18"><span class='ocrx_word' id='word_1_80' title='bbox 533 2138 599 2209; x_wconf 85' lang='grc' dir='ltr'><strong><em>Εἰς</em></strong></span> <span class='ocrx_word' id='word_1_81' title='bbox 621 2133 663 2197; x_wconf 85' lang='grc' dir='ltr'><strong><em>τὸ</em></strong></span> <span class='ocrx_word' id='word_1_82' title='bbox 687 2130 731 2216; x_wconf 84' lang='grc' dir='ltr'><strong><em>β’.</em></strong></span> 
     </span>
     <span class='ocr_line' id='line_1_13' title="bbox 196 2250 1138 2342; baseline 0.001 -19"><span class='ocrx_word' id='word_1_83' title='bbox 196 2263 301 2324; x_wconf 89' lang='grc' dir='ltr'><strong><em>Τοῦτο</em></strong></span> <span class='ocrx_word' id='word_1_84' title='bbox 321 2255 358 2324; x_wconf 90' lang='grc' dir='ltr'><strong><em>τὸ</em></strong></span> <span class='ocrx_word' id='word_1_85' title='bbox 378 2255 538 2342; x_wconf 73' lang='grc' dir='ltr'><strong><em>θεώρημα</em></strong></span> <span class='ocrx_word' id='word_1_86' title='bbox 556 2263 684 2321; x_wconf 74' lang='grc' dir='ltr'><strong><em>πτῶσιν</em></strong></span> <span class='ocrx_word' id='word_1_87' title='bbox 704 2250 767 2322; x_wconf 78' lang='grc' dir='ltr'><strong><em>οὐκ</em></strong></span> <span class='ocrx_word' id='word_1_88' title='bbox 786 2259 860 2341; x_wconf 78' lang='grc' dir='ltr'><strong><em>ἔχει.</em></strong></span> <span class='ocrx_word' id='word_1_89' title='bbox 902 2251 923 2341; x_wconf 86' lang='grc' dir='ltr'><strong><em>ῇ</em></strong></span> <span class='ocrx_word' id='word_1_90' title='bbox 944 2255 1059 2341; x_wconf 78' lang='grc' dir='ltr'><strong><em>μέντοι</em></strong></span> <span class='ocrx_word' id='word_1_91' title='bbox 1079 2263 1138 2324; x_wconf 80' lang='grc' dir='ltr'><strong><em>ΒΘ</em></strong></span> 
     </span>
     <span class='ocr_line' id='line_1_14' title="bbox 126 2357 1136 2450; baseline -0.001 -20"><span class='ocrx_word' id='word_1_92' title='bbox 126 2361 258 2442; x_wconf 83' lang='grc' dir='ltr'><strong><em>πάντως</em></strong></span> <span class='ocrx_word' id='word_1_93' title='bbox 284 2375 377 2449; x_wconf 89' lang='grc' dir='ltr'><strong><em>τεμεῖ</em></strong></span> <span class='ocrx_word' id='word_1_94' title='bbox 401 2361 463 2448; x_wconf 83' lang='grc' dir='ltr'><strong><em>τὴν</em></strong></span> <span class='ocrx_word' id='word_1_95' title='bbox 486 2357 592 2445; x_wconf 80' lang='grc' dir='ltr'><strong><em>τομὴν</em></strong></span> <span class='ocrx_word' id='word_1_96' title='bbox 615 2358 697 2427; x_wconf 81' lang='grc' dir='ltr'><strong><em>κατὰ</em></strong></span> <span class='ocrx_word' id='word_1_97' title='bbox 722 2361 784 2428; x_wconf 78' lang='grc' dir='ltr'><strong><em>δύο</em></strong></span> <span class='ocrx_word' id='word_1_98' title='bbox 809 2373 936 2449; x_wconf 81' lang='grc' dir='ltr'><strong><em>σημεῖα.</em></strong></span> <span class='ocrx_word' id='word_1_99' title='bbox 982 2359 1053 2431; x_wconf 76' lang='grc' dir='ltr'><strong><em>ἐπεὶ</em></strong></span> <span class='ocrx_word' id='word_1_100' title='bbox 1077 2365 1136 2450; x_wconf 78' lang='grc' dir='ltr'><strong><em>γὰρ</em></strong></span> 
     </span>
     <span class='ocr_line' id='line_1_15' title="bbox 75 2465 1138 2557; baseline 0.002 -23"><span class='ocrx_word' id='word_1_101' title='bbox 75 2485 110 2535; x_wconf 85' lang='grc'><strong><em>15</em></strong></span> <span class='ocrx_word' id='word_1_102' title='bbox 128 2467 342 2557; x_wconf 77' lang='grc' dir='ltr'><strong><em>παράλληλός</em></strong></span> <span class='ocrx_word' id='word_1_103' title='bbox 370 2465 437 2535; x_wconf 76' lang='grc' dir='ltr'><strong><em>ἐστι</em></strong></span> <span class='ocrx_word' id='word_1_104' title='bbox 464 2470 503 2554; x_wconf 87' lang='grc' dir='ltr'><strong><em>τῇ</em></strong></span> <span class='ocrx_word' id='word_1_105' title='bbox 531 2472 613 2550; x_wconf 86' lang='grc' dir='ltr'><strong><em>ΓΔ,</em></strong></span> <span class='ocrx_word' id='word_1_106' title='bbox 642 2480 855 2552; x_wconf 79' lang='grc' dir='ltr'><strong><em>συμπεσεῖται</em></strong></span> <span class='ocrx_word' id='word_1_107' title='bbox 883 2471 922 2555; x_wconf 86' lang='grc' dir='ltr'><strong><em>τῇ</em></strong></span> <span class='ocrx_word' id='word_1_108' title='bbox 951 2474 1027 2535; x_wconf 81' lang='grc' dir='ltr'><strong><em>ΓΘ·</em></strong></span> <span class='ocrx_word' id='word_1_109' title='bbox 1060 2467 1138 2536; x_wconf 81' lang='grc' dir='ltr'><strong><em>ὥστε</em></strong></span> 
     </span>
     <span class='ocr_line' id='line_1_16' title="bbox 124 2574 704 2662; baseline -0.003 -22"><span class='ocrx_word' id='word_1_110' title='bbox 124 2574 288 2662; x_wconf 84' lang='grc' dir='ltr'><strong><em>πρότερον</em></strong></span> <span class='ocrx_word' id='word_1_111' title='bbox 312 2577 351 2661; x_wconf 88' lang='grc' dir='ltr'><strong><em>τῇ</em></strong></span> <span class='ocrx_word' id='word_1_112' title='bbox 374 2576 458 2660; x_wconf 88' lang='grc' dir='ltr'><strong><em>τομῇ</em></strong></span> <span class='ocrx_word' id='word_1_113' title='bbox 481 2585 704 2658; x_wconf 87' lang='grc' dir='ltr'><strong><em>συμπεσεῖται.</em></strong></span> 
     </span>
    </p>
   </div>
   <div class='ocr_carea' id='block_1_6' title="bbox 523 2767 742 2846">
    <p class='ocr_par' dir='ltr' id='par_1_7' title="bbox 523 2767 742 2846">
     <span class='ocr_line' id='line_1_17' title="bbox 523 2767 742 2846; baseline 0.005 -14"><span class='ocrx_word' id='word_1_114' title='bbox 523 2770 593 2846; x_wconf 81' lang='grc' dir='ltr'><strong><em>Εἰς</em></strong></span> <span class='ocrx_word' id='word_1_115' title='bbox 616 2771 657 2835; x_wconf 90' lang='grc' dir='ltr'><strong><em>τὸ</em></strong></span> <span class='ocrx_word' id='word_1_116' title='bbox 682 2767 742 2834; x_wconf 88' lang='grc' dir='ltr'><strong><em>ια’.</em></strong></span> 
     </span>
    </p>
   </div>
   <div class='ocr_carea' id='block_1_7' title="bbox 125 2887 1138 3063">
    <p class='ocr_par' dir='ltr' id='par_1_8' title="bbox 125 2887 1138 3063">
     <span class='ocr_line' id='line_1_18' title="bbox 182 2887 1138 2980; baseline 0.006 -24"><span class='ocrx_word' id='word_1_117' title='bbox 182 2890 245 2957; x_wconf 72' lang='grc' dir='ltr'><strong><em>’Ἑν</em></strong></span> <span class='ocrx_word' id='word_1_118' title='bbox 277 2910 366 2957; x_wconf 87' lang='grc' dir='ltr'><strong><em>τισιν</em></strong></span> <span class='ocrx_word' id='word_1_119' title='bbox 398 2887 620 2978; x_wconf 74' lang='grc' dir='ltr'><strong><em>ἀντιγράφοις</em></strong></span> <span class='ocrx_word' id='word_1_120' title='bbox 651 2895 689 2959; x_wconf 88' lang='grc' dir='ltr'><strong><em>τὸ</em></strong></span> <span class='ocrx_word' id='word_1_121' title='bbox 717 2890 879 2980; x_wconf 73' lang='grc' dir='ltr'><strong><em>θεώρημα</em></strong></span> <span class='ocrx_word' id='word_1_122' title='bbox 905 2896 1005 2962; x_wconf 85' lang='grc' dir='ltr'><strong><em>τοῦτο</em></strong></span> <span class='ocrx_word' id='word_1_123' title='bbox 1034 2892 1138 2972; x_wconf 72' lang='grc' dir='ltr'><em>ἄλλως</em></span> 
     </span>
     <span class='ocr_line' id='line_1_19' title="bbox 125 2998 303 3063; baseline 0.006 -2"><span class='ocrx_word' id='word_1_124' title='bbox 125 2998 303 3063; x_wconf 78' lang='grc' dir='ltr'><strong><em>δείκνυται.</em></strong></span> 
     </span>
    </p>
   </div>
   <div class='ocr_carea' id='block_1_8' title="bbox 121 3238 1138 3460">
    <p class='ocr_par' dir='ltr' id='par_1_9' title="bbox 121 3238 1138 3460">
     <span class='ocr_line' id='line_1_20' title="bbox 197 3238 1138 3335; baseline 0.004 -37"><span class='ocrx_word' id='word_1_125' title='bbox 197 3253 220 3299; x_wconf 93' lang='grc'><strong><em>1.</em></strong></span> <span class='ocrx_word' id='word_1_126' title='bbox 239 3238 380 3297; x_wconf 85' lang='grc' dir='ltr'><strong><em>Ευτοκίον</em></strong></span> <span class='ocrx_word' id='word_1_127' title='bbox 398 3240 603 3335; x_wconf 75' lang='grc' dir='ltr'><strong><em>Ἀσκαλωνίτου</em></strong></span> <span class='ocrx_word' id='word_1_128' title='bbox 617 3241 699 3308; x_wconf 80' lang='grc' dir='ltr'><strong><em>εἰς</em></strong></span> <span class='ocrx_word' id='word_1_129' title='bbox 671 3266 703 3300; x_wconf 86' lang='grc' dir='ltr'><strong><em>το</em></strong></span> <span class='ocrx_word' id='word_1_130' title='bbox 719 3242 856 3333; x_wconf 78' lang='grc' dir='ltr'><strong><em>δεύτερον</em></strong></span> <span class='ocrx_word' id='word_1_131' title='bbox 871 3247 910 3317; x_wconf 86' lang='grc' dir='ltr'><strong><em>(β</em></strong></span> <span class='ocrx_word' id='word_1_132' title='bbox 926 3248 956 3316; x_wconf 90' lang='lat' dir='ltr'><strong><em>p)</em></strong></span> <span class='ocrx_word' id='word_1_133' title='bbox 975 3247 1032 3300; x_wconf 79' lang='grc' dir='ltr'><strong><em>τῶν</em></strong></span> <span class='ocrx_word' id='word_1_134' title='bbox 1049 3245 1138 3302; x_wconf 65' lang='lat' dir='ltr'><strong><em>’Anul-</em></strong></span> 
     </span>
     <span class='ocr_line' id='line_1_21' title="bbox 122 3312 1137 3388; baseline 0.003 -19"><span class='ocrx_word' id='word_1_135' title='bbox 122 3318 224 3370; x_wconf 71' lang='grc' dir='ltr'><strong><em>κωνίου</em></strong></span> <span class='ocrx_word' id='word_1_136' title='bbox 244 3315 371 3371; x_wconf 80' lang='grc' dir='ltr'><strong><em>κωνικῶν</em></strong></span> <span class='ocrx_word' id='word_1_137' title='bbox 390 3314 519 3379; x_wconf 80' lang='grc' dir='ltr'><strong><em>τῇςκατ’</em></strong></span> <span class='ocrx_word' id='word_1_138' title='bbox 536 3313 626 3373; x_wconf 77' lang='grc' dir='ltr'><strong><em>αὐτὸν</em></strong></span> <span class='ocrx_word' id='word_1_139' title='bbox 645 3312 933 3388; x_wconf 79' lang='grc' dir='ltr'><strong><em>ε’κδόσεωςυπόμνημ</em></strong></span> <span class='ocrx_word' id='word_1_140' title='bbox 934 3338 952 3372; x_wconf 92' lang='grc' dir='ltr'><strong><em>α</em></strong></span> <span class='ocrx_word' id='word_1_141' title='bbox 971 3317 1041 3386; x_wconf 87' lang='lat' dir='ltr'><strong><em>Wp</em></strong></span> <span class='ocrx_word' id='word_1_142' title='bbox 1114 3323 1137 3371; x_wconf 78' lang='lat'><strong><em>4.</em></strong></span> 
     </span>
     <span class='ocr_line' id='line_1_22' title="bbox 121 3382 1138 3460; baseline 0 -18"><span class='ocrx_word' id='word_1_143' title='bbox 121 3383 189 3459; x_wconf 71' lang='lat' dir='ltr'><strong><em>oca]</em></strong></span> <span class='ocrx_word' id='word_1_144' title='bbox 209 3387 316 3459; x_wconf 76' lang='lat' dir='ltr'>scripsi,</span> <span class='ocrx_word' id='word_1_145' title='bbox 336 3382 373 3449; x_wconf 79' lang='grc' dir='ltr'><strong><em>ὡς</em></strong></span> <span class='ocrx_word' id='word_1_146' title='bbox 391 3385 459 3455; x_wconf 90' lang='lat' dir='ltr'><strong><em>Wp.</em></strong></span> <span class='ocrx_word' id='word_1_147' title='bbox 535 3388 587 3460; x_wconf 87' lang='grc' dir='ltr'><strong><em>μή]</em></strong></span> <span class='ocrx_word' id='word_1_148' title='bbox 607 3388 713 3456; x_wconf 79' lang='lat' dir='ltr'>addidi,</span> <span class='ocrx_word' id='word_1_149' title='bbox 734 3403 787 3440; x_wconf 89' lang='lat' dir='ltr'><strong><em>om.</em></strong></span> <span class='ocrx_word' id='word_1_150' title='bbox 807 3386 876 3455; x_wconf 90' lang='lat' dir='ltr'><strong><em>Wp.</em></strong></span> <span class='ocrx_word' id='word_1_151' title='bbox 949 3392 974 3441; x_wconf 88' lang='lat'><strong><em>8.</em></strong></span> <span class='ocrx_word' id='word_1_152' title='bbox 995 3385 1101 3444; x_wconf 77' lang='lat' dir='ltr'>Post</span> <span class='ocrx_word' id='word_1_153' title='bbox 1083 3409 1138 3457; x_wconf 83' lang='grc' dir='ltr'><strong><em>αρα</em></strong></span> 
     </span>
    </p>
   </div>
   <div class='ocr_carea' id='block_1_9' title="bbox 0 0 1226 3892">
    <p class='ocr_par' dir='ltr' id='par_1_10' title="bbox 0 0 1226 3892">
     <span class='ocr_line' id='line_1_23' title="bbox 0 0 1226 3892; baseline 0 2"><span class='ocrx_word' id='word_1_154' title='bbox 0 0 1226 3892; x_wconf 95' lang='lat' dir='ltr'><strong><em> </em></strong></span> 
     </span>
    </p>
   </div>
  </div>
 </body>
</html>
