2444 3892
250 107 401 160 EUTOOII
419 108 683 161 COMMENTARIA
700 109 740 161 ln
759 109 901 163 comcs.
1013 107 1080 172 203

66 252 178 336 quales
201 254 290 315 secat
313 255 345 314 et
366 250 406 315 ad
425 251 562 335 angulos
581 255 696 330 rectos,
720 252 789 317 axis
809 256 916 317 rectus
935 258 1080 331 uocatur,

64 363 98 422 et
121 357 149 422 si
172 362 246 441 AB,
263 361 334 421 ΠΡ
357 358 462 421 altera
485 356 582 422 alteri
604 357 777 440 parallelas
800 365 905 423 rectas
928 359 962 422 in
985 359 1079 424 binas

64 468 174 550 partes
195 465 345 548 aequales
370 467 493 547 secant,
517 464 709 548 coniugatae
733 463 892 546 diametri,
915 465 966 529 sin
990 470 1023 531 et
1044 467 1079 530 in

63 570 157 634 binas
176 576 285 654 partes
301 570 451 655 aequales
467 575 499 634 et
518 569 558 634 ad
578 570 715 655 angulos
734 574 839 634 rectos
860 575 978 655 secant,
1002 593 1078 637 axes

63 677 229 763 coniugati
252 679 470 742 nominantur.

467 835 510 900 In
534 858 638 920 prop.
657 836 682 901 I.

130 961 179 1024 De
206 960 321 1046 figuris
351 960 420 1024 siue
449 961 577 1025 casibus
606 961 705 1025 uariis
729 960 993 1046 propositionum
1017 958 1079 1023 hoo

64 1066 230 1130 sciendum
250 1069 309 1151 est,
329 1087 440 1131 casum
461 1089 541 1152 esse,
559 1067 617 1132 ubi
636 1088 683 1153 ea,
702 1089 783 1151 quae
802 1068 837 1130 in
856 1065 1078 1150 propositione

62 1172 139 1236 data
164 1171 238 1257 sint,
261 1173 425 1256 positione
449 1172 516 1238 sint
539 1174 629 1259 dato;
652 1196 728 1237 nam
751 1172 844 1238 uaria
867 1194 978 1237 eorum
1003 1193 1078 1236 con-

61 1278 186 1343 iunctio
213 1279 324 1343 eadem
348 1280 555 1344 conclusione
579 1302 691 1346 casum
714 1279 824 1346 efficit.
872 1283 904 1342 et
927 1278 1078 1343 similiter

62 1385 160 1449 etiam
180 1368 306 1451 uariata
325 1386 565 1451 constructione
584 1409 678 1451 casus
699 1385 847 1451 efficitur.
880 1406 1077 1469 quamquam

61 1496 172 1556 antem
199 1493 320 1558 multos
348 1494 472 1558 habent
498 1494 752 1577 propositiones,
784 1493 934 1558 omnibus
965 1491 1077 1556 eadem

61 1597 296 1664 demonstratio
312 1600 490 1684 iisdemque
505 1599 626 1664 litteris
642 1600 793 1685 congruit
806 1601 934 1683 praeter
949 1598 1078 1662 minora

62 1703 233 1789 quaedam,
261 1708 299 1768 ut
326 1726 401 1769 mox
426 1705 608 1789 adparebit3
635 1727 712 1768 nam
736 1706 847 1769 statim
871 1703 978 1787 prima
1000 1725 1076 1787 pro·
1157 1730 1170 1749 ν

59 1810 182 1892 positio
210 1813 277 1873 tres
306 1831 399 1873 casus
427 1809 541 1892 habet,
569 1812 645 1894 quia
667 1814 823 1892 punctum
846 1810 881 1872 in
906 1809 1075 1893 superficie

61 1919 241 1998 sumptum,
268 1915 330 1978 hoc
354 1917 405 1978 est
427 1917 469 1998 B,
496 1917 566 1977 tum
589 1915 624 1978 in
648 1914 817 1997 superficie
840 1912 994 1978 inferiore
1018 1917 1076 1997 est,

62 2025 95 2084 et
122 2020 185 2085 hoc
213 2021 320 2104 ipsum
349 2021 474 2086 duobus
503 2020 606 2085 modis
636 2023 694 2084 aut
721 2041 819 2103 supra
841 2019 995 2083 circulum
1020 2024 1077 2083 aut

59 2127 159 2211 infra,
187 2130 258 2190 tum
286 2128 319 2190 in
344 2125 513 2210 superficie
537 2127 566 2189 ei
590 2125 630 2189 ad
655 2123 809 2188 uerticem
831 2123 949 2207 posita.
994 2124 1075 2188 haec

60 2254 138 2297 uero
166 2234 348 2317 propositio
372 2231 589 2317 quaerendum
612 2231 798 2315 proposuit,
826 2251 891 2294 non
916 2229 955 2294 ad
980 2251 1075 2314 quae-

59 2339 141 2402 libet
167 2339 229 2403 duo
257 2342 378 2423 puncta
405 2340 438 2402 in
467 2337 637 2420 superficie
664 2338 773 2422 posita
798 2336 929 2401 ductam
951 2339 1074 2400 rectam

59 2445 94 2508 in
119 2446 287 2529 superficie
309 2467 388 2530 esse,
413 2445 469 2510 sed
489 2466 560 2508 eam
579 2448 717 2529 tantum,
741 2465 823 2527 quae
841 2464 900 2527 per
917 2443 1074 2506 uerticem

60 2551 168 2634 cedat,
199 2553 274 2628 quia
305 2552 490 2636 superficies
523 2550 636 2615 conica
663 2570 721 2633 per
748 2552 871 2614 rectam
898 2547 1074 2613 terminum

58 2644 234 2720 habentem
258 2662 445 2721 manentem
469 2661 540 2721 orta
563 2660 622 2721 est.
654 2655 717 2721 hoc
736 2659 843 2720 autem
862 2677 975 2719 uerum
995 2676 1074 2740 esse,

58 2761 241 2848 propositio
266 2764 405 2827 secunda
428 2763 580 2827 ostendit.

442 2923 498 2986 Ad
521 2945 625 3007 prop.
644 2922 685 2986 Π.

127 3045 313 3130 Propositio
342 3045 483 3109 secunda
506 3050 572 3110 tres
595 3047 696 3111 habet
719 3068 826 3130 casus,
853 3047 930 3130 quia
952 3048 1074 3129 puncta

60 3155 190 3236 sumpta
210 3157 252 3232 Δ,
275 3155 307 3215 Ε
327 3155 384 3214 aut
405 3150 440 3214 in
464 3151 632 3233 superficie
655 3151 695 3216 ad
715 3152 868 3217 uerticem
888 3151 997 3237 posita
1017 3157 1074 3215 sut

96 3312 137 3364 18.
157 3304 251 3431 adep}
263 3306 373 3375 scripsi,
398 3302 485 3375 αὐτῆς
503 3305 572 3376 Wp.
646 3312 688 3361 21.
708 3303 726 3376 ἡ
745 3307 884 3379 aedoeon]
904 3306 1016 3377 scripsi,
1036 3328 1072 3376 ην

62 3380 190 3434 sedocus
290 3376 323 3432 ἓν
348 3374 452 3433 εὐθεῖα
475 3395 502 3447 p.
593 3383 637 3432 23.
687 3378 765 3450 ivos]
795 3378 880 3448 μέσον
899 3378 974 3448 Wp,
1002 3395 1071 3434 corr.

61 3447 164 3505 Oomm.
238 3454 280 3505 27,
300 3445 350 3503 *ric
368 3469 414 3503 uo·
434 3449 463 3503 in
482 3465 536 3503 ras.
555 3466 591 3504 m.
613 3454 627 3502 1
648 3399 692 3504 Vi.
