2444 3892
118 165 194 229 *106
521 163 751 218 mamm

128 305 248 388 οὕτως,
276 303 361 374 ὥστε
388 304 450 392 τὴν
479 311 545 370 ΖΔ
573 313 652 392 ἴσην
678 302 767 373 εἴναι
792 307 834 393 τῇ
860 310 947 373 ΕΗ·
982 309 1089 375 τοῦτο
1116 307 1150 376 δὲ

128 412 173 492 ὡς
208 419 331 497 αἴτημα
363 410 567 499 λαμβάνεται
599 409 851 481 ἀναπόδεικτον.
907 410 1068 502 φανερὸν
1100 413 1149 501 δή,

128 516 179 586 ὅτι
205 518 262 585 καὶ
289 514 309 603 ἡ
340 524 404 583 ΖΕ
428 519 468 606 τῇ
498 522 576 584 ΔΗ
599 524 654 604 ἴση
683 519 784 588 ἐστίν.
829 516 900 586 ἐπεὶ
928 510 996 587 οὖν
1024 521 1149 589 κύκλου

127 626 189 692 τοῦ
211 630 283 690 ΑΛ
289 628 320 690 Γ
343 630 493 710 εἴληπται
522 637 661 710 σημεῖον
685 621 779 704 ἐκτὸς
800 622 837 692 τὸ
862 630 905 710 Ζ,
934 620 1003 693 αἰιιὸ
1029 625 1070 694 δὲ
1093 630 1147 695 τοῦ

91 746 108 794 5
129 738 155 797 Z
179 729 242 799 δύο
263 728 393 798 εὐθεῖαι
413 732 450 796 αἴ

129 844 209 923 ΖΒ,
241 845 310 904 ΖΕ
347 857 448 925 κροσ-

150 949 331 1012 πίπτουσαι
352 944 425 1030 τέμ-

128 1068 228 1118 νουσι
245 1049 306 1118 τὸν
323 1049 446 1118 κύκλον

128 1154 211 1223 κατὰ
258 1155 298 1223 τὰ
335 1166 380 1241 Α,
414 1162 448 1221 Λ

77 1281 109 1328 10
128 1275 264 1349 σημεῖα,
310 1260 347 1330 τὸ
383 1261 448 1350 ἄρα

128 1368 192 1437 ὑπὸ
212 1373 368 1455 τῶνΒΖ,
385 1376 448 1435 ΖΑ

129 1484 204 1544 ἴσον
223 1476 292 1542 ἐστὶ
316 1478 360 1566 τῷ
380 1472 445 1542 ὑπὸ

127 1584 194 1648 τῶν
209 1588 283 1666 ΕΖ,
295 1587 368 1646 ΖΛ.
389 1583 445 1645 δια

126 1688 166 1752 τὰ
199 1683 284 1752 αὐτὰ
316 1686 358 1770 δὴ
391 1685 446 1752 καῖ
501 1717 527 1765 Z

76 1806 107 1855 15
126 1790 163 1859 τό
192 1788 258 1858 ὑπὸ
282 1794 350 1858 τῶν
368 1797 447 1875 ΒΗ,

127 1903 198 1965 ΗΓ
227 1905 302 1965 ἴσον
336 1899 404 1965 ἐστὶ
435 1907 481 1990 τῷ
509 1895 575 1966 ὑπὸ
602 1901 671 1966 τῶν
700 1903 783 1984 ΔΗ,
806 1904 885 1966 ΗΕ.
931 1905 1009 1967 ἴσον
1042 1899 1080 1968 δὲ
1106 1926 1143 1968 το

126 2002 192 2072 ὑπὸ
219 2009 288 2073 τῶν
311 2012 395 2091 ΛΗ,
414 2011 485 2072 ΗΕ
509 2016 554 2098 τῷ
583 2002 648 2073 ὑπὸ
678 2015 748 2073 τῶν
770 2011 850 2092 ΕΖ,
870 2011 949 2072 ΖΛ·
982 2014 1054 2074 ἴσαι
1081 2007 1146 2096 γάρ

127 2116 212 2179 εἰσιν
237 2112 373 2200 ἑκατέρα
403 2112 541 2203 ἑκατέρα
569 2140 589 2198 η
619 2112 680 2199 μὲν
704 2118 770 2179 ΖΕ
789 2114 829 2201 τῇ
855 2118 940 2200 ΔΗ,
967 2108 988 2200 ἡ
1015 2113 1054 2181 δὲ
1078 2121 1146 2182 ΖΛ

127 2222 166 2306 τῇ
190 2225 271 2284 ΕΗ·
299 2216 416 2286 καὶτὸ
440 2216 506 2286 ὑπὸ
529 2222 597 2285 τῶν
621 2223 697 2304 ΒΖ,
718 2225 783 2286 ΖΑ
810 2217 875 2306 ἄρα
903 2225 980 2286 ἴσον
1005 2220 1077 2287 ἐστὶ
1100 2223 1147 2313 τῷ

74 2341 108 2389 20
127 2322 193 2393 ὑπὸ
216 2328 285 2393 τῶν
309 2332 393 2410 ΒΗ,
411 2331 489 2392 ΗΓ.
535 2328 626 2391 ἔστιν
650 2321 732 2410 ἄρα,
763 2322 807 2404 ὡς
833 2321 854 2411 ἡ
879 2331 940 2392 ΖΒ
968 2326 1055 2413 πρὸς
1082 2323 1147 2413 τὴν

127 2437 215 2516 ΒΗ,
247 2428 268 2517 ἡ
297 2437 369 2498 ΗΓ
397 2428 481 2518 πρὸς
507 2427 569 2514 τὴν
598 2434 673 2497 ΖΛ.
732 2428 807 2498 ἀλλ’
838 2427 882 2510 ὡς
917 2430 938 2517 ἡ
967 2437 1029 2499 ΖΒ
1062 2431 1148 2518 πρὸς

126 2538 187 2624 την
215 2543 300 2623 ΒΗ,
329 2534 435 2616 οὕτως
461 2533 483 2621 ἥ
510 2560 545 2602 τε
569 2540 634 2601 ΖΑ
661 2537 747 2623 πρὸς
768 2535 831 2624 τὴν
855 2544 927 2604 ΑΛ
948 2536 1004 2604 καὶ
1033 2534 1054 2624 ἡ
1079 2543 1151 2606 ΛΓ

126 2642 209 2733 πρὸς
246 2644 308 2731 τὴν
343 2649 417 2710 ΓΗ
454 2642 510 2709 διὰ
543 2639 604 2727 τὴν
638 2638 819 2729 ὁμοιότητα
854 2646 924 2710 τῶν
959 2642 1147 2732 τριγώνων.

127 2759 182 2837 ἴση
211 2750 249 2818 δὲ
276 2747 297 2834 ι’,
325 2748 385 2835 μὲν
413 2754 484 2815 ΛΓ
510 2751 550 2836 τῇ
579 2754 664 2833 ΑΒ,
697 2745 717 2834 ἡ
748 2749 786 2816 δὲ
813 2755 883 2817 ΑΛ
908 2758 949 2838 τῇ
980 2755 1057 2817 ΒΓ·
1090 2751 1147 2819 καὶ

73 2872 108 2920 25
129 2853 173 2936 ὡς
196 2855 261 2944 ἄρα
284 2853 304 2943 ἡ
328 2863 394 2923 ΑΒ
417 2852 499 2942 πρὸς
522 2857 584 2940 τὴν
603 2859 686 2939 ΓΗ,
714 2852 822 2934 οὕτως
842 2851 864 2940 ἡ
889 2860 955 2921 ΖΑ
977 2853 1062 2942 πρὸς
1083 2860 1148 2943 τὴν

99 3031 102 3037 ,
127 2969 206 3033 ΑΔ.
252 2955 296 3049 ἦν
319 2959 356 3028 δὲ
379 2963 449 3045 καί,
473 2958 518 3038 ὡς
540 2957 561 3046 η
586 2966 647 3026 ΖΒ
675 2958 759 3047 πρὸς
781 2962 841 3046 την
865 2963 948 3046 ΒΗ,
970 2964 1148 3031 τουτέστιν

127 3069 147 3156 ἡ
177 3076 247 3137 ΑΒ
279 3066 361 3156 πρὸς
392 3071 453 3154 την
486 3071 574 3152 ΗΓ,
611 3063 632 3154 ἡ
663 3072 739 3134 ΗΓ
766 3065 849 3154 πρὸς
880 3064 943 3154 τὴν
971 3074 1054 3135 ΖΑ·
1090 3069 1149 3137 καὶ

128 3173 172 3254 ὡς
200 3174 265 3264 ἄρα
293 3173 314 3261 ἡ
338 3182 404 3242 ΑΒ
431 3172 514 3260 πρὸς
541 3173 602 3260 τὴν
626 3179 706 3259 ΗΓ,
735 3170 840 3253 οὕτως
867 3170 889 3260 η’
912 3199 947 3242 τε
969 3178 1044 3241 ΗΓ
1061 3173 1149 3264 πρὸς

126 3282 189 3347 τῖν
214 3287 279 3348 ΖΑ
306 3282 361 3350 καῖ
388 3278 409 3368 ἡ
434 3288 498 3348 ΖΑ
526 3280 609 3368 πρὸς
635 3277 698 3367 την
721 3285 791 3350 ΒΓ.
837 3284 876 3347 αἴ
897 3280 1055 3370 τέσσαρες
1078 3280 1147 3370 ἄρα

126 3427 341 3435 ----

198 3508 230 3562 In
249 3510 296 3580 fig.
315 3510 370 3566 litt.
391 3515 412 3565 Z
431 3513 460 3566 οἴ
479 3514 510 3565 Η
525 3511 669 3581 permutat
688 3510 730 3566 ed.
750 3509 813 3564 Ald.
