2444 3892
415 189 630 243 comcoauu
647 192 756 242 arana
773 192 820 247 1v.
1098 191 1120 255 5

105 331 178 396 dem
199 333 327 417 generis
346 355 366 398 a
383 333 475 398 nullo
494 355 627 417 prorsus
643 332 826 417 excogitata
839 335 977 420 repperi.
1012 335 1121 401 omnia

108 442 232 518 autem,
253 436 343 524 'quae
366 439 521 526 diximus,
549 461 631 524 quae
655 439 786 524 quidem
809 441 1031 509 demonstrata
1053 464 1121 508 non

105 545 341 632 inuenerimus,
373 548 478 612 multa
510 549 544 611 et
575 546 668 611 uaria
695 545 890 630 flagitabant
917 547 1121 615 theoremata

103 652 254 738 mirifica,
281 675 419 738 quorum
448 653 601 737 pleraque
624 654 660 716 in
682 652 797 735 primis
819 653 926 718 tribus
949 655 1043 720 libris
1067 678 1120 720 ex-

102 765 206 844 posui,
224 760 350 844 reliqua
370 763 479 824 autem
499 757 534 821 in
552 759 622 823 hoc.
655 759 736 824 haee
750 779 828 821 uero
842 766 1012 842 perspecta
1026 783 1121 826 usum

103 865 184 929 satis
216 886 374 950 magnum
408 868 441 928 et
468 865 509 927 ad
537 865 791 947 compositiones
820 864 1060 948 problematum
1089 871 1121 932 et

104 970 146 1032 ad
170 970 456 1035 determinationes
481 969 647 1053 praebent.
687 967 854 1035 Nicoteles
880 970 965 1034 enim
988 976 1122 1055 propter

105 1096 199 1138 suam
228 1095 302 1138 cum
329 1073 462 1141 (lenone
490 1076 745 1141 controuersiam
773 1076 921 1161 negauit,
949 1076 1052 1140 ullum
1080 1078 1121 1141 ab

105 1180 155 1258 iis,
179 1201 262 1263 quae
286 1179 400 1246 Conon
423 1181 631 1267 repperisset,
654 1181 694 1246 ad
719 1182 1003 1247 determinationes
1027 1205 1122 1247 usum

102 1286 275 1371 proficisci,
297 1288 353 1353 sed
376 1287 515 1373 fallitur3
537 1311 614 1353 nam
639 1289 700 1353 etsi
721 1288 773 1354 his
793 1289 926 1355 omnino
945 1311 1012 1354 non
1031 1310 1122 1353 usur·

101 1392 189 1476 patis
204 1393 237 1457 in
248 1393 573 1459 determinationibus
583 1396 678 1479 plene
689 1397 806 1480 exponi
816 1398 962 1479 possunt,
977 1398 1123 1460 attamen

106 1498 265 1582 quaedam
293 1500 423 1564 facilius
449 1523 507 1585 per
531 1523 570 1566 ea
592 1502 732 1587 perspici
755 1507 906 1586 possunt,
933 1503 1024 1567 uelut
1047 1524 1121 1587 pro-

102 1606 211 1671 blema
240 1607 459 1691 compluribus
488 1608 592 1673 modis
621 1609 674 1673 uel
702 1612 753 1674 tot
779 1609 883 1674 modis
912 1609 996 1674 effici
1023 1630 1120 1694 posse

101 1716 159 1776 aut
186 1735 298 1778 rursus
326 1735 393 1778 non
422 1736 530 1798 posse3
559 1716 682 1780 eteius
708 1716 795 1780 modi
818 1716 950 1800 praeuia
974 1715 1119 1801 cognitio

100 1818 143 1882 ad
167 1819 372 1902 quaestiones
397 1821 476 1886 satis
501 1842 656 1906 magnum
680 1823 814 1904 praebet
833 1822 1063 1905 adiumentum,
1088 1828 1121 1885 et

100 1925 201 1989 etiam
236 1926 276 1990 ad
304 1928 452 2010 analyses
481 1926 787 1992 determinationum
814 1928 910 1992 utilia
938 1931 1014 1992 sunt
1040 1926 1120 1990 haec

99 2030 312 2096 theoremata.
349 2054 463 2097 uerum
484 2032 545 2098 hae
565 2031 707 2095 utilitate
727 2030 849 2095 omissa
869 2032 966 2095 etiam
986 2035 1121 2115 propter

102 2138 193 2220 ipsas
208 2137 504 2204 demonstrationes
521 2137 787 2220 comprobatione
802 2136 903 2222 digna
917 2140 1025 2220 erunt3
1045 2158 1121 2201 nam

101 2243 203 2307 etiam
227 2244 292 2308 alia
315 2247 419 2308 multa
437 2244 473 2307 in
491 2243 730 2308 mathematicis
750 2242 811 2307 hac
830 2242 868 2306 de
888 2265 986 2309 causa
1004 2266 1063 2310 neo
1082 2244 1120 2308 de

100 2349 168 2414 alia
191 2350 259 2415 ulla
282 2350 540 2434 comprobamus.
573 2369 576 2375 ·

600 2508 625 2572 I.

171 2633 205 2699 si
230 2639 321 2698 extra
344 2635 416 2700 coni
439 2634 617 2699 sectionem
641 2634 693 2697 uel
716 2633 873 2698 ambitum
893 2633 1003 2698 circuli
1021 2654 1120 2717 punc·

100 2745 175 2805 tum
199 2740 330 2824 aliquod
355 2740 502 2823 sumitur,
526 2742 559 2803 et
578 2740 617 2804 ab
638 2761 676 2804 eo
697 2739 736 2804 ad
756 2740 932 2804 sectionem
952 2739 1033 2803 duae
1052 2759 1120 2804 rec-

100 2853 156 2912 tae
181 2845 348 2929 adcidunt,
373 2869 509 2930 quarum
534 2847 636 2912 altera
660 2846 831 2931 contingit,
855 2847 960 2910 altera
983 2846 1018 2910 in
1042 2844 1119 2910 duo-

98 2954 162 3018 bus
186 2953 317 3036 pnnctis
341 2956 438 3037 secat,
462 2956 495 3017 et
518 2975 614 3038 quam
637 2953 797 3018 rationem
821 2952 922 3017 habet
939 2955 1011 3016 tota
1031 2955 1119 3017 recta

100 3081 215 3124 secans
236 3058 276 3122 ad
296 3060 423 3142 partem
442 3059 639 3124 extrinsecus
660 3060 744 3124 inter
762 3062 919 3144 punctum
934 3057 1118 3144 lineamque

100 3164 275 3248 abscisam,
299 3163 474 3228 secundum
497 3164 582 3228 hanc
604 3169 693 3230 recta
715 3165 803 3229 intus
828 3165 957 3230 abscisa
981 3167 1118 3250 secatur,

137 3382 179 3432 17.
200 3374 364 3445 ὃιορισμῶν]
385 3369 508 3444 ὁρισμῶν
528 3373 588 3444 Vp3
610 3392 680 3430 corr.
700 3375 809 3444 Helley.
901 3381 943 3429 22.
963 3373 1007 3446 α’]
1026 3395 1060 3446 p,
1081 3395 1116 3431 m.

99 3480 155 3520 rec.
174 3463 208 3518 v.
287 3469 331 3518 aa.
350 3459 510 3531 eoduma
530 3462 568 3531 V;
588 3481 657 3519 corr.
676 3482 704 3534 p.
782 3469 824 3518 aa
845 3459 910 3536 δύο]
931 3451 953 3536 ri
965 3465 999 3520 v.
1073 3469 1116 3518 aa.

100 3535 218 3606 τοῦτον]
241 3532 281 3597 εἰς
300 3535 401 3589 τοῦτον
419 3532 528 3602 Halley.
