2444 3892
157 137 223 201 110
343 158 346 163 >
550 136 778 193 ειτεοιιωωε.

154 280 257 363 τομῆς
280 275 441 362 δεύτερον
464 282 530 366 ἔχει
552 275 676 357 τόπους
699 263 749 362 ιδ’,
771 280 809 345 τὸ
834 275 872 345 δὲ
894 280 960 346 τοῦ
983 283 1120 367 χωρίον
1140 285 1178 368 ἦ.

155 387 221 471 ἔχει
244 381 282 449 δὲ
306 381 362 450 διὰ
385 383 474 470 τόδε,
498 380 550 452 ότι
570 380 588 452 ὁ
609 381 637 465 ζ’
656 385 694 452 έν
711 386 758 475 τῷ
776 386 837 452 τοῦ
855 387 989 472 χωρίον
1007 382 1177 476 ἀποτομῆς

153 487 255 568 τόπος
281 494 518 577 παραλείπεται
547 486 592 569 ως
619 487 780 578 φανερός·
808 487 869 558 ἐὰν
897 489 966 577 γάρ
993 495 1034 560 αί
1055 496 1177 585 παράλ

152 603 248 681 ληλοι
263 593 451 685 ἀμφότεραι
465 596 518 665 ἐπὶ
527 593 568 663 τά
581 596 707 683 πέρατα
721 599 899 682 πίπτωσιν,
914 600 972 666 οἵα
982 595 1030 668 ἀν
1041 605 1175 691 διαχθῇ,

117 700 260 770 οδοθὲν
292 699 471 789 ἀποτέμνει
501 707 641 791 χωρίον·
674 709 751 770 ίσον
783 701 850 792 γὰρ
877 708 1008 788 γίνεται
1037 711 1088 800 τῷ
1115 705 1174 777 ὑπὸ

151 810 220 876 τῶν
248 807 370 895 μεταξὺ
395 812 464 877 τῶν
491 807 644 898 περάτων
666 808 803 896 καὶτῆς
825 807 1033 900 ἀμφοτέρων
1057 815 1174 896 τῶνίξ

152 911 256 1003 ἀρχῆς
282 925 323 1004 τῇ
350 916 445 984 θέσει
473 918 643 983 δοθεισῶν
671 913 816 1012 εὐθειῶν
845 920 1030 1004 συμβολῆς.
1079 921 1118 987 έν
1140 919 1174 988 δὲ

151 1024 197 1112 τῷ
227 1019 332 1107 λόγον
364 1018 534 1107 ἀποτομῆς
566 1019 678 1090 οὐκέτι
706 1017 839 1108 ὁμοίως.
891 1019 948 1090 διά
978 1027 1085 1094 τοῦτο
1114 1019 1172 1094 οὖν

151 1128 284 1214 προέχει
310 1126 417 1195 τόπον
445 1127 505 1194 ἕνα
528 1131 577 1206 είς
593 1131 631 1195 τὸ
656 1128 802 1216 ἕβδομον
823 1131 887 1196 τοῦ
911 1130 1093 1218 δευτέρον,
1121 1131 1172 1200 καὶ

99 1248 132 1296 10
150 1231 191 1300 τὰ
214 1231 315 1300 λοιπὰ
338 1231 420 1301 όντα
443 1231 483 1301 τὰ
508 1230 600 1301 αὐτό.

387 1431 440 1494 De
464 1431 635 1496 sechione
659 1430 928 1496 determinata.

218 1571 268 1635 16.
292 1571 422 1654 Pappus
445 1570 510 1635 VII
514 1573 620 1655 ‚.9p
646 1571 876 1658 642,19sq.:

211 1687 307 1776 Ἑξῆς
328 1694 460 1769 τούτοις
482 1689 706 1760 ἀναδέδονται
728 1696 796 1780 τῆς
820 1696 1090 1784 διωρισμένης
1109 1724 1167 1766 το-

148 1799 219 1884 μῆς
241 1802 376 1883 βιβλία
394 1789 477 1884 β,
452 1825 501 1866 ων
525 1795 649 1887 ὁμοίως
670 1811 741 1879 τοῖς
759 1797 923 1887 πρότερον
942 1805 1027 1888 μίαν
1045 1804 1167 1891 πρότα-

95 1919 128 1968 15
148 1922 203 1971 σιν
235 1902 395 1993 πάρεστιν
427 1907 552 1993 λέγειν,
591 1907 825 1992 διεζευγμένην
856 1904 894 1974 δὲ
924 1905 1067 1995 ταύτην·
1105 1911 1166 1998 τῆν

148 2012 353 2079 δοθεῖσαν”
330 2035 471 2100 απειρον
490 2011 629 2081 εὐθεῖαν
649 2012 701 2081 ἑνὶ
719 2016 843 2102 σημείω
857 2026 979 2099 τεμεῖν,
999 2011 1087 2084 ὥστε
1101 2020 1169 2085 τῶν

147 2117 480 2206 ἀπολαμβανομένων
499 2119 645 2188 εὐθειῶν
665 2123 747 2206 πρὸς
760 2131 830 2199 τοῖς
845 2116 895 2187 ἐπ’
913 2115 1017 2207 αὐτῆς
1032 2125 1166 2192 δοθεῖσι

148 2230 297 2312 σημείοις
322 2223 396 2311 ῆτοι
419 2229 456 2292 τὸ
480 2225 546 2293 ἀπὸ
570 2228 647 2312 μιάς
668 2226 880 2314 τετράγωνον
904 2221 924 2313 ῆ
948 2229 986 2292 τὸ
1010 2223 1077 2296 ὑπὸ
1103 2229 1167 2298 δύο

146 2330 479 2418 ἀπολαμβανομένων
506 2330 744 2418 περιεχόμενον
773 2331 990 2421 ὀρθογώνιον
1017 2337 1167 2404 δοθέντα

93 2453 126 2502 20
145 2437 248 2524 λόγον
268 2442 356 2524 ἔχειν
374 2435 449 2523 ῆτοι
466 2439 551 2524 πρὸς
568 2442 605 2504 τὸ
624 2437 689 2506 ἀπὸ
709 2442 786 2525 μιάς
803 2436 1015 2527 τετράγωνον
1039 2439 1060 2528 ῆ
1081 2447 1166 2530 πρὸς

145 2547 182 2611 τὸ
210 2540 276 2611 ὑπὸ
304 2547 382 2630 μιάς
409 2543 731 2631 ἀπολαμβανομένης
757 2546 895 2633 καὶτῆς
918 2547 979 2626 ἔξω
1003 2550 1167 2636 δοθείσης

144 2647 165 2738 ῆ
198 2653 281 2740 πρὸς
311 2654 349 2716 τὸ
378 2647 443 2718 ὑπὸ
472 2649 534 2716 δύο
563 2646 894 2740 ἀπολαμβανομένων
923 2651 1165 2740 περιεχόμενον

146 2755 372 2846 ὀρθογώνιον,
397 2755 450 2842 ἐφ’
478 2752 620 2844 ὁπότερα
641 2756 703 2844 χρὴ
722 2760 792 2826 τῶν
811 2758 986 2826 δοθέντων
1004 2765 1165 2847 σημείων.

146 2865 202 2931 καὶ
220 2864 343 2949 ταύτης
360 2858 416 2929 ἀτε
436 2861 488 2942 δὶς
506 2864 737 2951 διεζευγμένης
750 2864 806 2930 καὶ
819 2871 1023 2952 περισκελεῖς
1038 2868 1164 2954 διορισ·

93 2984 127 3033 25
146 2968 231 3057 μοὺς
245 2972 384 3057 ἐχούσης
397 2965 454 3035 διά
468 2967 635 3037 πλειόνων
650 2967 671 3057 ἡ
688 2971 787 3051 δεῖξις
800 2970 941 3057 γέγονεν
956 2972 990 3053 ἐξ
1003 2966 1162 3059 ἀνάγιιης.

216 3206 240 3255 2.
261 3200 324 3271 τοῦ]
340 3199 394 3255 del.
408 3199 538 3255 Hultsch.
595 3205 636 3255 10.
653 3196 741 3273 αότά]
757 3201 828 3256 coni.
842 3195 1007 3269 Hultschst'
991 3220 1062 3256 οντα
1077 3201 1160 3259 codd.

143 3269 252 3325 Deinde
278 3272 380 3326 lacuna
407 3270 519 3326 uidetur
547 3286 606 3326 esse
636 3273 733 3361 (uelut
752 3268 783 3326 τό
800 3242 976 3360 προτέρημά
1004 3273 1160 3343 διατηρεῖ).

180 3348 221 3396 13.
220 3337 308 3427 εξῆς
327 3342 359 3397 δε
378 3342 498 3397 Hultsch
517 3358 580 3396 cum
599 3341 635 3398 al.
715 3339 889 3398 ἀναδέδοται
907 3341 1035 3399 Hultsch.
1115 3349 1159 3400 20.

143 3408 369 3500 τετρόγωνρν-
385 3419 426 3469 21.
442 3414 520 3484 μιάς]
536 3412 658 3468 Hultsch
673 3432 736 3470 cum
751 3415 888 3482 Sims0n0‚
907 3431 962 3470 om.
977 3413 1058 3471 codd.
1115 3421 1157 3470 23.

144 3478 260 3553 ὁπότερ’
277 3477 313 3537 ἀν
332 3485 384 3555 χρῆ
402 3484 533 3541 Hultsch.
