2444 3892
165 174 207 238 12
562 169 787 226 Καυιεαυν.

231 314 275 402 μὴ
299 313 376 402 γάρ,
400 311 488 400 ἀλλ’,
511 318 542 383 εἰ
564 310 725 398 δυνατόν,
748 314 832 379 ἔστω
851 307 968 397 ῆΒΗ.
1017 315 1113 380 ἔσται
1133 309 1177 398 Bri,

165 422 210 502 ὡς
228 418 249 506 ῆ
269 427 332 488 ΓΔ
354 425 436 507 πρὸς
457 427 535 508 ΔΕ,
559 418 580 507 ἡ
600 425 672 487 ΓΗ
692 422 775 506 πρὸς
793 423 877 485 ΗΕ·
901 414 985 504 ὅπερ
1007 415 1179 488 ἀδύνατον.

653 705 694 754 ς.

229 826 309 896 Ἐὰν
332 827 520 917 ὑπερβολῆς
542 831 660 916 ληφθῆ
684 852 716 894 τι
743 839 884 915 σημεῖον
908 824 1021 912 ἐκτός,
1050 827 1111 894 καὶ
1133 823 1179 894 ἀπ’

131 932 271 1004 οαύτοῦ
299 940 381 1022 πρὸς
408 933 470 1021 τῆν
498 932 604 1022 τομῆν
629 937 796 1020 ὃιαχθῶσι
825 931 888 1002 δύο
912 930 1067 1019 εὐθεῖαι,
1099 925 1182 1019 dvo}

165 1040 226 1128 μὲν
254 1041 448 1129 ἐφάπτεται,
477 1037 498 1128 ῆ
529 1039 566 1108 δὲ
584 1039 796 1126 παράλληλος
825 1030 873 1128 [ᾖ]
903 1048 963 1128 μιᾷ
988 1043 1062 1108 τῶν
1088 1038 1182 1127 ἆσυμ

165 1147 314 1234 πτωτων,
338 1149 393 1215 καλ
415 1150 456 1235 τῆ
479 1145 782 1235 ἄπολαμβανομένη
806 1142 871 1214 ἀπὸ
890 1149 949 1232 τῆς
966 1145 1184 1234 παραλλήλου

166 1257 287 1340 μεταξὺ
318 1258 376 1340 τῆς
402 1255 504 1339 τομῆς
536 1253 592 1320 καὶ
625 1256 686 1321 τοῦ
714 1257 856 1339 σημείου
885 1261 940 1338 ἴση
969 1249 1025 1320 ἐπ’
1052 1251 1184 1333 εὐθείας

166 1362 260 1441 ἐντὸς
282 1364 341 1446 τῆς
364 1362 466 1446 τομῆς
489 1361 588 1447 τεθῆ,
616 1356 637 1444 ἡ
666 1357 731 1428 ἀπὸ
759 1362 818 1446 τῆς
841 1355 930 1446 ἁφῆς
953 1358 1010 1426 ἐπὶ
1033 1363 1075 1428 τὸ
1101 1361 1184 1447 φινέ

115 1482 147 1530 10
167 1492 271 1552 μενον
299 1479 438 1553 σημεῖον
467 1466 726 1553 ἐπιζευγνυμένη
755 1463 873 1535 εὐθεῖα
900 1479 1127 1553 συμπεσεῖται
1150 1470 1184 1555 τῆ

165 1575 266 1659 τομῆ,
298 1570 355 1637 καὶ
381 1568 402 1657 ῆ
432 1570 497 1639 ἀπὸ
525 1576 584 1659 τῆς
612 1570 834 1660 συμπτωσεως
862 1571 914 1640 ἐπὶ
940 1575 978 1639 τὸ
1010 1572 1111 1653 ἐκτὸς
1135 1593 1183 1660 ση-

167 1688 262 1761 μεῖον
286 1673 434 1764 ἀγομένη
459 1677 621 1763 ἐφάψεται
644 1682 703 1765 τῆς
724 1681 835 1765 τομῆς.

234 1803 316 1867 ἔστω
340 1797 510 1891 ὑπερβολὴ
535 1799 555 1890 ῆ
580 1809 698 1890 ΑΕΒ,
725 1802 780 1870 καὶ
808 1802 961 1890 εἰλήφθω
984 1826 1019 1869 τι
1047 1816 1184 1892 σημεῖον

167 1907 259 1985 ἐκτὸς
287 1910 323 1974 τὸ
349 1916 398 1992 Δ,
431 1910 487 1978 καὶ
516 1915 598 1978 ἔστω
626 1909 791 1996 πρότερον
820 1908 914 1988 ἐντὸς
940 1911 1000 1995 τῆς
1027 1906 1099 1979 ὑπὸ
1122 1914 1181 1980 τῶν

115 2030 147 2080 15
167 2012 398 2101 ἆσυμπτυλτων
417 2018 650 2106 περιεχομένης
667 2020 792 2102 γωνίας
809 2018 846 2082 τὸ
861 2022 905 2099 Δ,
928 2014 984 2082 καὶ
1004 2012 1064 2083 ἀπ’
1084 2016 1181 2086 αὐτοί

167 2117 187 2206 ῆ
213 2121 274 2209 μὲν
298 2130 366 2189 ΒΛ
389 2124 605 2210 ἐφαπτέσθω,
633 2120 653 2208 ῆ
679 2122 717 2190 δέ
741 2128 841 2188 ΔΕΖ
864 2119 1080 2208 παράλληλος
1104 2129 1179 2192 ἔστω

165 2230 205 2312 τῆ
235 2226 330 2316 ἑτέρα
357 2233 425 2296 τῶν
453 2225 698 2316 ἅσυμπτωτων,
730 2228 786 2295 καὶ
813 2234 939 2296 κείσθω
966 2230 1007 2316 τῆ
1032 2236 1107 2296 ΔΕ
1132 2239 1179 2314 ἴση

166 2327 186 2416 ῆ
210 2338 282 2399 ΕΖ.
329 2335 429 2420 λέγω,
458 2332 509 2402 ὅτι
532 2331 552 2420 ῆ
576 2330 641 2400 ἀπὸ
664 2337 726 2401 τοῦ
749 2341 778 2400 Β
804 2332 858 2401 ἐπὶ
880 2336 918 2400 τὸ
943 2339 970 2398 Ζ
994 2337 1179 2422 ἐπιζευγνυ-

167 2439 250 2524 μένη
274 2453 486 2525 συμπεσεῖται
506 2444 545 2528 τῆ
564 2443 660 2527 τομῆ,
682 2439 739 2506 καὶ
757 2436 778 2525 ἡ
798 2437 863 2507 ἀπὸ
883 2443 941 2526 τῆς
960 2442 1179 2527 σνμπτιόσεως

113 2563 148 2612 20
167 2544 219 2612 ἐπὶ
243 2550 280 2614 τὸ
305 2555 338 2613 Α
361 2547 525 2632 ἐφάψεται
547 2549 606 2632 τῆς
629 2549 738 2632 τομῆς.

233 2669 329 2757 ῆχθω
353 2669 417 2757 γὰρ
441 2671 652 2758 ἐφαπτομένη
675 2674 733 2756 τῆς
756 2674 860 2759 τομῆς
882 2668 903 2758 ῆ
929 2677 1009 2755 ΔΑ,
1035 2673 1093 2741 καλ
1117 2674 1178 2741 ἐπι-

168 2782 341 2862 ζευχθεῖσα
369 2774 389 2864 ῆ
416 2784 484 2844 ’ΒΑ
510 2777 653 2864 τεμνέτω
682 2774 744 2864 τὴν
767 2786 801 2845 Δ
808 2785 852 2863 Ε,
885 2781 916 2845 εἰ
943 2778 1111 2866 δυνατόν,
1137 2777 1178 2868 μῆ

165 2880 248 2949 κατὰ
272 2885 309 2950 τὸ
334 2890 371 2968 Ζ,
394 2880 479 2950 ἀλλὰ
502 2881 582 2950 καθ’
604 2881 720 2970 ἕτερόν
742 2910 774 2952 τι
796 2890 834 2954 τὸ
857 2890 902 2954 Η.
948 2888 1040 2952 ἔσται
1059 2885 1104 2973 τλῆ
1128 2894 1179 2971 ἴση

166 2985 282 3073 ME
308 2999 347 3078 τῇ
377 2994 460 3056 ΕΗ·
494 2986 574 3074 ὅπερ
602 2987 742 3059 ἄτοπον·
777 2988 948 3060 ὑπόκειται
975 2989 1041 3080 γὰρ
1070 2989 1092 3079 ῆ
1117 2997 1183 3059 ΔΕ

113 3109 146 3158 25
165 3098 204 3182 τῆ
229 3101 291 3162 ΕΖ
316 3103 379 3182 έση.

165 3293 337 3302 ——..—...-
343 3297 377 3302 -.-

239 3435 264 3485 2.
284 3433 358 3502 HE]
378 3449 410 3500 p,
435 3435 488 3486 ΓΕ
508 3431 540 3485 V.
632 3439 656 3490 5.
681 3423 836 3507 δυὐΗΠ.
928 3441 953 3490 6.
974 3431 1137 3504 ἐφάπτηται
1154 3455 1179 3507 p.

201 3511 231 3593 ῆ]
251 3520 313 3588 Vp3
333 3518 422 3575 deleo.
