2444 3892
420 165 636 219 comcouuu
651 170 825 224 omnum.
1082 170 1125 236 47

560 341 677 409 XXIX.

178 466 248 531 Iam
272 488 349 533 uero
369 469 402 532 Γ
419 467 503 532 iuter
523 470 645 552 puncta
664 471 834 534 contectus
851 472 994 555 positum
1013 474 1066 559 sit,
1089 480 1125 541 ut

109 572 144 637 iu
167 573 266 638 tertia
287 573 402 658 figura.

177 679 388 744 menifestum
421 684 486 763 est,
518 679 621 744 lineas
653 679 688 742 in
717 682 751 743 Γ
777 679 865 744 inter
896 702 929 745 se
960 705 1025 750 non
1053 707 1125 751 con·

110 784 249 870 tingere3
272 806 350 849 nam
374 784 581 869 suppositum
600 789 658 868 est,
682 805 736 849 eas
754 785 790 848 in
810 785 934 851 duobus
953 789 1032 854 solis
1051 812 1124 856 con·

109 890 244 974 tingere.
294 893 405 955 secent
437 889 539 974 igitur
571 890 605 955 in
637 893 674 974 F,
707 890 929 976 ducanturque
961 893 1002 961 ub
1029 900 1124 977 A,B

110 995 337 1079 contingentes
355 998 432 1073 AA,
450 999 526 1078 AB,
548 997 581 1058 et
599 995 734 1060 ducetur
754 999 820 1063 AB
839 1001 1027 1082 seceturque
1046 998 1081 1062 in
1100 1004 1126 1063 Z

108 1101 144 1165 in
165 1099 244 1163 duas
263 1103 374 1184 partes
393 1101 555 1184 aequalem
575 1101 685 1185 itaque
703 1105 793 1166 recta
812 1104 853 1167 ab
873 1108 905 1166 A
924 1104 964 1168 ad
984 1108 1012 1168 Z
1031 1104 1127 1169 ducta

110 1207 287 1271 diametrus
312 1207 373 1270 erit
396 1205 542 1288 [11,29].
588 1206 654 1271 iam
676 1228 734 1291 per
758 1210 792 1271 Γ
808 1230 877 1273 non
899 1209 1021 1294 ueniet3
1049 1232 1126 1275 num

108 1313 136 1376 si
171 1311 293 1395 ueniet,
331 1315 420 1376 recta
451 1333 510 1396 per
540 1314 573 1377 Γ
600 1316 708 1378 rectae
740 1317 807 1378 AB
837 1316 998 1398 parallelo
1030 1316 1126 1381 ducta

107 1421 280 1501 utramque
310 1416 485 1482 sectionem
510 1418 680 1504 continget
704 1416 764 1502 [II,
788 1418 903 1506 5-6];
931 1421 992 1487 hoo
1016 1426 1125 1488 autem

105 1521 177 1588 fieri
199 1545 267 1588 non
289 1526 407 1606 potest.
444 1523 579 1588 ducatur
601 1524 702 1608 igitur
725 1546 744 1587 a
763 1526 795 1588 Γ
808 1530 915 1591 rectae
933 1533 966 1592 Α
972 1531 1000 1591 Β
1018 1529 1124 1613 paral-

103 1629 169 1694 lelo
192 1632 356 1713 ΓΚΗΜ;
385 1629 446 1693 ortt
472 1629 574 1714 igitur
597 1627 626 1710 [I
651 1628 710 1694 def.
729 1630 764 1711 4]
794 1631 828 1694 in
851 1632 956 1698 altera
979 1611 1122 1700 sectione

104 1737 173 1800 ΓΚ
187 1765 228 1787 =
244 1738 325 1818 KH,
344 1735 379 1798 in
397 1735 502 1799 altera
521 1737 629 1799 autem
647 1738 726 1799 ΚΜ
739 1766 781 1789 =
796 1740 870 1803 KP.
903 1761 1002 1823 quare
1022 1742 1122 1806 etium

104 1842 188 1905 ΚΜ
198 1871 239 1895 =
254 1844 290 1905 K
295 1843 328 1904 H
333 1865 341 1926 5
365 1840 450 1924 quod
473 1840 543 1905 fieri
566 1863 633 1906 non
655 1844 773 1924 potest.

174 1946 324 2012 similiter
347 1950 455 2012 autem
479 1947 592 2029 etiam,
622 1945 649 2009 si
671 1947 778 2009 rectae
801 1948 1024 2033 contingentes
1048 1972 1122 2034 par·

105 2053 221 2118 allelue
242 2055 326 2138 sunt,
350 2052 463 2118 eodem
483 2051 590 2130 modo,
614 2071 677 2134 quo
698 2071 804 2134 supra,
828 2051 1121 2118 demonstrabimus

103 2158 176 2223 fieri
198 2180 265 2224 non
289 2180 393 2243 posse.

564 2261 666 2327 XXX.

170 2387 333 2454 Parabolc
347 2387 538 2471 parabolam
553 2409 617 2454 non
633 2386 800 2471 continget
813 2386 848 2450 in
862 2386 1009 2470 pluribus
1023 2409 1121 2472 punc

102 2493 147 2558 tis
170 2516 268 2578 quam
292 2494 326 2558 in
349 2516 424 2559 uno.

172 2622 249 2665 nam
284 2600 312 2664 si
344 2599 413 2664 fieri
445 2601 567 2684 potest,
599 2598 775 2683 parabolae
803 2600 922 2682 ΑΗΒ,
946 2602 1054 2662 ΑΜΒ
1086 2599 1121 2663 in

102 2711 149 2792 A,
169 2710 197 2770 Β
222 2705 425 2791 contingunt,
449 2705 671 2790 ducanturque
695 2703 921 2789 contingentes
944 2707 1022 2785 AA,
1041 2706 1119 2789 AB3

103 2833 160 2878 eae
179 2813 282 2896 igitur
299 2814 471 2896 utrumque
491 2812 666 2878 sectionem
685 2810 878 2896 contingent
897 2813 930 2875 et
948 2810 982 2874 in
997 2812 1029 2872 A
1046 2830 1119 2874 con·
1169 2850 1173 2859 ,

103 2922 243 2984 current.

171 3025 308 3090 ducatur
330 3028 397 3088 AB
426 3027 458 3089 et
485 3024 520 3089 in
543 3027 571 3087 Z
599 3024 633 3088 in
659 3023 737 3087 duas
761 3025 871 3107 partes
896 3021 1047 3106 aequales
1072 3040 1119 3084 se·

103 3135 208 3210 cetur,
241 3131 439 3215 duceturque
467 3133 542 3195 ΛΖ.
592 3128 744 3214 quonium
777 3128 876 3214 igitur
905 3127 986 3192 duae
1015 3126 1119 3191 lineae

100 3242 221 3322 ΑΗΒ,
244 3240 354 3301 ΑΜΒ
381 3237 466 3301 inter
494 3257 528 3300 se
558 3234 751 3320 contingunt
779 3235 814 3299 in
841 3233 966 3299 duobus
988 3232 1118 3316 punctis

99 3427 256 3498 positiones
270 3427 347 3482 XXV
361 3429 391 3482 et
403 3426 494 3481 XXVI
510 3427 540 3482 in
554 3426 635 3481 binus
650 3426 818 3494 diuidamus,
839 3425 932 3480 obstat
949 3423 1117 3481 uocabulum

100 3497 298 3572 προειρημένῳ
317 3514 396 3568 prop.
410 3497 501 3551 XXVI
520 3515 547 3567 p.
562 3503 605 3567 44,
624 3504 649 3552 2.
