<?xml version="1.0" encoding="UTF-8"?>
<!DOCTYPE html PUBLIC "-//W3C//DTD XHTML 1.0 Transitional//EN"
    "http://www.w3.org/TR/xhtml1/DTD/xhtml1-transitional.dtd">
<html xmlns="http://www.w3.org/1999/xhtml" xml:lang="en" lang="en">
 <head>
  <title>
</title>
<meta http-equiv="Content-Type" content="text/html;charset=utf-8" />
  <meta name='ocr-system' content='tesseract 3.04.00' />
  <meta name='ocr-capabilities' content='ocr_page ocr_carea ocr_par ocr_line ocrx_word'/>
</head>
<body>
  <div class='ocr_page' id='page_1' title='image "./apolloniipergae01apolgoog_0125.png"; bbox 0 0 2444 3892; ppageno 0'>
   <div class='ocr_carea' id='block_1_1' title="bbox 419 148 1123 215">
    <p class='ocr_par' dir='ltr' id='par_1_1' title="bbox 419 148 1123 215">
     <span class='ocr_line' id='line_1_1' title="bbox 419 148 1123 215; baseline 0.007 -15"><span class='ocrx_word' id='word_1_1' title='bbox 419 148 632 202; x_wconf 80' lang='lat' dir='ltr'>CONIGORUM</span> <span class='ocrx_word' id='word_1_2' title='bbox 649 151 759 204; x_wconf 84' lang='lat' dir='ltr'>LIBER</span> <span class='ocrx_word' id='word_1_3' title='bbox 775 153 823 207; x_wconf 84' lang='lat' dir='ltr'>IV.</span> <span class='ocrx_word' id='word_1_4' title='bbox 1080 150 1123 215; x_wconf 82' lang='lat'>35</span> 
     </span>
    </p>
   </div>
   <div class='ocr_carea' id='block_1_2' title="bbox 106 290 1124 1115">
    <p class='ocr_par' dir='ltr' id='par_1_2' title="bbox 107 290 1124 693">
     <span class='ocr_line' id='line_1_2' title="bbox 182 290 1124 377; baseline 0.008 -24"><span class='ocrx_word' id='word_1_5' title='bbox 182 290 262 374; x_wconf 88' lang='lat' dir='ltr'>dico,</span> <span class='ocrx_word' id='word_1_6' title='bbox 285 294 406 356; x_wconf 81' lang='lat' dir='ltr'>rectem</span> <span class='ocrx_word' id='word_1_7' title='bbox 428 312 487 377; x_wconf 84' lang='lat' dir='ltr'>per</span> <span class='ocrx_word' id='word_1_8' title='bbox 510 293 633 375; x_wconf 85' lang='lat' dir='ltr'>punctu</span> <span class='ocrx_word' id='word_1_9' title='bbox 650 294 691 376; x_wconf 88' lang='lat' dir='ltr'>K,</span> <span class='ocrx_word' id='word_1_10' title='bbox 709 296 750 357; x_wconf 89' lang='lat' dir='ltr'><em>H</em></span> <span class='ocrx_word' id='word_1_11' title='bbox 768 293 896 360; x_wconf 75' lang='lat' dir='ltr'>ductam</span> <span class='ocrx_word' id='word_1_12' title='bbox 914 316 987 360; x_wconf 89' lang='lat' dir='ltr'>cum</span> <span class='ocrx_word' id='word_1_13' title='bbox 1006 296 1124 361; x_wconf 84' lang='lat' dir='ltr'>sectio·</span> 
     </span>
     <span class='ocr_line' id='line_1_3' title="bbox 108 397 1123 485; baseline 0.007 -25"><span class='ocrx_word' id='word_1_14' title='bbox 108 417 150 460; x_wconf 93' lang='lat' dir='ltr'>ne</span> <span class='ocrx_word' id='word_1_15' title='bbox 174 418 363 462; x_wconf 87' lang='lat' dir='ltr'>concurrere</span> <span class='ocrx_word' id='word_1_16' title='bbox 385 397 641 481; x_wconf 81' lang='lat' dir='ltr'>parellelemque</span> <span class='ocrx_word' id='word_1_17' title='bbox 665 418 736 462; x_wconf 88' lang='lat' dir='ltr'>esse</span> <span class='ocrx_word' id='word_1_18' title='bbox 759 402 974 484; x_wconf 82' lang='lat' dir='ltr'>usymptotue,</span> <span class='ocrx_word' id='word_1_19' title='bbox 1000 400 1035 464; x_wconf 90' lang='lat' dir='ltr'>in</span> <span class='ocrx_word' id='word_1_20' title='bbox 1059 421 1123 485; x_wconf 84' lang='lat' dir='ltr'>que</span> 
     </span>
     <span class='ocr_line' id='line_1_4' title="bbox 109 502 1122 587; baseline 0.008 -22"><span class='ocrx_word' id='word_1_21' title='bbox 109 502 152 565; x_wconf 87' lang='lat' dir='ltr'>sit</span> <span class='ocrx_word' id='word_1_22' title='bbox 178 505 333 586; x_wconf 87' lang='lat' dir='ltr'>punctum</span> <span class='ocrx_word' id='word_1_23' title='bbox 357 509 403 586; x_wconf 87' lang='lat' dir='ltr'>A,</span> <span class='ocrx_word' id='word_1_24' title='bbox 432 506 617 587; x_wconf 84' lang='lat' dir='ltr'>rectamque</span> <span class='ocrx_word' id='word_1_25' title='bbox 641 525 661 568; x_wconf 85' lang='lat' dir='ltr'>e</span> <span class='ocrx_word' id='word_1_26' title='bbox 682 505 804 586; x_wconf 90' lang='lat' dir='ltr'>puncto</span> <span class='ocrx_word' id='word_1_27' title='bbox 827 524 1000 571; x_wconf 81' lang='lat' dir='ltr'>concursus</span> <span class='ocrx_word' id='word_1_28' title='bbox 1023 506 1064 573; x_wconf 88' lang='lat' dir='ltr'>ud</span> <span class='ocrx_word' id='word_1_29' title='bbox 1087 513 1122 572; x_wconf 82' lang='lat' dir='ltr'><em>A</em></span> 
     </span>
     <span class='ocr_line' id='line_1_5' title="bbox 107 605 659 693; baseline 0.002 -22"><span class='ocrx_word' id='word_1_30' title='bbox 107 605 238 673; x_wconf 87' lang='lat' dir='ltr'>duotem</span> <span class='ocrx_word' id='word_1_31' title='bbox 263 609 440 674; x_wconf 77' lang='lat' dir='ltr'><strong>sectionem</strong></span> <span class='ocrx_word' id='word_1_32' title='bbox 463 610 659 693; x_wconf 83' lang='lat' dir='ltr'>contingere.</span> 
     </span>
    </p>

    <p class='ocr_par' dir='ltr' id='par_1_3' title="bbox 106 715 1122 1115">
     <span class='ocr_line' id='line_1_6' title="bbox 174 715 1121 799; baseline 0.006 -22"><span class='ocrx_word' id='word_1_33' title='bbox 174 715 310 779; x_wconf 87' lang='lat' dir='ltr'>ducetur</span> <span class='ocrx_word' id='word_1_34' title='bbox 328 715 416 780; x_wconf 88' lang='lat' dir='ltr'>enim</span> <span class='ocrx_word' id='word_1_35' title='bbox 435 716 627 799; x_wconf 84' lang='lat' dir='ltr'>contingens</span> <span class='ocrx_word' id='word_1_36' title='bbox 648 718 682 777; x_wconf 89' lang='grc' dir='ltr'><em>Δ</em></span> <span class='ocrx_word' id='word_1_37' title='bbox 686 717 723 797; x_wconf 92' lang='lat' dir='ltr'>Z,</span> <span class='ocrx_word' id='word_1_38' title='bbox 744 716 778 776; x_wconf 91' lang='lat' dir='ltr'>et</span> <span class='ocrx_word' id='word_1_39' title='bbox 796 735 815 776; x_wconf 87' lang='lat' dir='ltr'>u</span> <span class='ocrx_word' id='word_1_40' title='bbox 834 717 862 776; x_wconf 90' lang='lat' dir='ltr'>Z</span> <span class='ocrx_word' id='word_1_41' title='bbox 879 719 969 780; x_wconf 84' lang='lat' dir='ltr'>recte</span> <span class='ocrx_word' id='word_1_42' title='bbox 986 717 1121 783; x_wconf 84' lang='lat' dir='ltr'>ducetur</span> 
     </span>
     <span class='ocr_line' id='line_1_7' title="bbox 106 820 1122 907; baseline 0.005 -24"><span class='ocrx_word' id='word_1_43' title='bbox 106 820 266 901; x_wconf 79' lang='lat' dir='ltr'>parallelo</span> <span class='ocrx_word' id='word_1_44' title='bbox 285 823 503 904; x_wconf 86' lang='lat' dir='ltr'>esymptotee,</span> <span class='ocrx_word' id='word_1_45' title='bbox 522 820 557 883; x_wconf 94' lang='lat' dir='ltr'>in</span> <span class='ocrx_word' id='word_1_46' title='bbox 576 842 640 904; x_wconf 87' lang='lat' dir='ltr'>que</span> <span class='ocrx_word' id='word_1_47' title='bbox 659 821 708 883; x_wconf 90' lang='lat' dir='ltr'>est</span> <span class='ocrx_word' id='word_1_48' title='bbox 727 821 880 902; x_wconf 89' lang='lat' dir='ltr'>punctum</span> <span class='ocrx_word' id='word_1_49' title='bbox 898 824 946 903; x_wconf 80' lang='grc' dir='ltr'>Δ;</span> <span class='ocrx_word' id='word_1_50' title='bbox 966 842 1005 886; x_wconf 84' lang='lat' dir='ltr'>ee</span> <span class='ocrx_word' id='word_1_51' title='bbox 1021 824 1122 907; x_wconf 85' lang='lat' dir='ltr'>igitur</span> 
     </span>
     <span class='ocr_line' id='line_1_8' title="bbox 106 924 1121 1009; baseline 0.005 -22"><span class='ocrx_word' id='word_1_52' title='bbox 106 945 164 1008; x_wconf 87' lang='lat' dir='ltr'>per</span> <span class='ocrx_word' id='word_1_53' title='bbox 183 928 224 1008; x_wconf 94' lang='lat' dir='ltr'>K,</span> <span class='ocrx_word' id='word_1_54' title='bbox 242 928 281 987; x_wconf 89' lang='lat' dir='ltr'><strong><em>H</em></strong></span> <span class='ocrx_word' id='word_1_55' title='bbox 301 925 418 990; x_wconf 88' lang='lat' dir='ltr'>ueniet.</span> <span class='ocrx_word' id='word_1_56' title='bbox 454 947 531 989; x_wconf 88' lang='lat' dir='ltr'>nem</span> <span class='ocrx_word' id='word_1_57' title='bbox 555 925 722 1009; x_wconf 89' lang='lat' dir='ltr'>siminus,</span> <span class='ocrx_word' id='word_1_58' title='bbox 747 924 896 1008; x_wconf 77' lang='lat' dir='ltr'>absurde,</span> <span class='ocrx_word' id='word_1_59' title='bbox 921 947 1001 1009; x_wconf 83' lang='lat' dir='ltr'>quae</span> <span class='ocrx_word' id='word_1_60' title='bbox 1025 931 1121 992; x_wconf 82' lang='lat' dir='ltr'>antee</span> 
     </span>
     <span class='ocr_line' id='line_1_9' title="bbox 108 1029 622 1115; baseline 0.012 -24"><span class='ocrx_word' id='word_1_61' title='bbox 108 1029 262 1112; x_wconf 84' lang='lat' dir='ltr'>diximus,</span> <span class='ocrx_word' id='word_1_62' title='bbox 286 1031 436 1094; x_wconf 88' lang='lat' dir='ltr'>euenient</span> <span class='ocrx_word' id='word_1_63' title='bbox 460 1029 532 1115; x_wconf 89' lang='lat' dir='ltr'>[III,</span> <span class='ocrx_word' id='word_1_64' title='bbox 555 1031 622 1112; x_wconf 85' lang='grc'><strong>36].</strong></span> 
     </span>
    </p>
   </div>
   <div class='ocr_carea' id='block_1_3' title="bbox 563 1206 665 1272">
    <p class='ocr_par' dir='ltr' id='par_1_4' title="bbox 563 1206 665 1272">
     <span class='ocr_line' id='line_1_10' title="bbox 563 1206 665 1272; baseline 0.02 -2"><span class='ocrx_word' id='word_1_65' title='bbox 563 1206 665 1272; x_wconf 89' lang='lat' dir='ltr'>XXII.</span> 
     </span>
    </p>
   </div>
   <div class='ocr_carea' id='block_1_4' title="bbox 104 1327 1121 1524">
    <p class='ocr_par' dir='ltr' id='par_1_5' title="bbox 104 1327 1121 1524">
     <span class='ocr_line' id='line_1_11' title="bbox 173 1327 1121 1414; baseline 0.006 -25"><span class='ocrx_word' id='word_1_66' title='bbox 173 1327 244 1391; x_wconf 85' lang='lat' dir='ltr'>Iam</span> <span class='ocrx_word' id='word_1_67' title='bbox 259 1327 370 1392; x_wconf 89' lang='lat' dir='ltr'>eodem</span> <span class='ocrx_word' id='word_1_68' title='bbox 384 1328 480 1393; x_wconf 91' lang='lat' dir='ltr'>modo</span> <span class='ocrx_word' id='word_1_69' title='bbox 496 1328 562 1392; x_wconf 90' lang='lat' dir='ltr'>sint</span> <span class='ocrx_word' id='word_1_70' title='bbox 576 1328 762 1413; x_wconf 73' lang='lat' dir='ltr'>propositae</span> <span class='ocrx_word' id='word_1_71' title='bbox 777 1328 935 1395; x_wconf 80' lang='lat' dir='ltr'>sectiones</span> <span class='ocrx_word' id='word_1_72' title='bbox 951 1332 1121 1414; x_wconf 81' lang='lat' dir='ltr'>oppositae</span> 
     </span>
     <span class='ocr_line' id='line_1_12' title="bbox 104 1432 1120 1524; baseline 0.003 -27"><span class='ocrx_word' id='word_1_73' title='bbox 104 1436 384 1519; x_wconf 87' lang='lat' dir='ltr'>esymptoteeque,</span> <span class='ocrx_word' id='word_1_74' title='bbox 404 1437 438 1497; x_wconf 89' lang='lat' dir='ltr'>et</span> <span class='ocrx_word' id='word_1_75' title='bbox 455 1437 611 1517; x_wconf 89' lang='lat' dir='ltr'>punctum</span> <span class='ocrx_word' id='word_1_76' title='bbox 627 1439 661 1498; x_wconf 89' lang='grc' dir='ltr'><em>Δ</em></span> <span class='ocrx_word' id='word_1_77' title='bbox 679 1434 790 1524; x_wconf 77' lang='lat' dir='ltr'>eodem</span> <span class='ocrx_word' id='word_1_78' title='bbox 810 1435 906 1501; x_wconf 90' lang='lat' dir='ltr'>modo</span> <span class='ocrx_word' id='word_1_79' title='bbox 916 1432 943 1521; x_wconf 88' lang='grc'>1)</span> <span class='ocrx_word' id='word_1_80' title='bbox 964 1438 1120 1522; x_wconf 79' lang='lat' dir='ltr'>sumatur,</span> 
     </span>
    </p>
   </div>
   <div class='ocr_carea' id='block_1_5' title="bbox 104 1539 1118 1732">
    <p class='ocr_par' dir='ltr' id='par_1_6' title="bbox 104 1539 1118 1732">
     <span class='ocr_line' id='line_1_13' title="bbox 104 1539 1118 1626; baseline 0.003 -23"><span class='ocrx_word' id='word_1_81' title='bbox 104 1543 137 1603; x_wconf 84' lang='lat' dir='ltr'>ot</span> <span class='ocrx_word' id='word_1_82' title='bbox 151 1540 246 1603; x_wconf 80' lang='grc' dir='ltr'>ΓΛΘ</span> <span class='ocrx_word' id='word_1_83' title='bbox 265 1539 425 1605; x_wconf 77' lang='lat' dir='ltr'>sectiones</span> <span class='ocrx_word' id='word_1_84' title='bbox 445 1561 565 1622; x_wconf 81' lang='lat' dir='ltr'>secans,</span> <span class='ocrx_word' id='word_1_85' title='bbox 585 1543 652 1603; x_wconf 82' lang='lat' dir='ltr'>AB</span> <span class='ocrx_word' id='word_1_86' title='bbox 672 1543 780 1606; x_wconf 88' lang='lat' dir='ltr'>eutem</span> <span class='ocrx_word' id='word_1_87' title='bbox 801 1541 896 1606; x_wconf 84' lang='lat' dir='ltr'>elteri</span> <span class='ocrx_word' id='word_1_88' title='bbox 913 1545 1118 1626; x_wconf 85' lang='lat' dir='ltr'>esymptotee</span> 
     </span>
     <span class='ocr_line' id='line_1_14' title="bbox 104 1645 1117 1732; baseline 0.004 -24"><span class='ocrx_word' id='word_1_89' title='bbox 104 1645 274 1728; x_wconf 77' lang='lat' dir='ltr'>parallelo,</span> <span class='ocrx_word' id='word_1_90' title='bbox 294 1645 399 1729; x_wconf 89' lang='lat' dir='ltr'>sitque</span> <span class='ocrx_word' id='word_1_91' title='bbox 418 1648 479 1709; x_wconf 84' lang='grc' dir='ltr'>ΓΛ</span> <span class='ocrx_word' id='word_1_92' title='bbox 493 1669 500 1710; x_wconf 88' lang='lat'><strong>:</strong></span> <span class='ocrx_word' id='word_1_93' title='bbox 515 1649 582 1710; x_wconf 77' lang='grc' dir='ltr'>ΔΘ</span> <span class='ocrx_word' id='word_1_94' title='bbox 597 1677 638 1698; x_wconf 94' lang='grc'>--</span> <span class='ocrx_word' id='word_1_95' title='bbox 652 1649 721 1711; x_wconf 91' lang='grc' dir='ltr'>ΓΗ</span> <span class='ocrx_word' id='word_1_96' title='bbox 734 1671 741 1712; x_wconf 90' lang='lat'><strong>:</strong></span> <span class='ocrx_word' id='word_1_97' title='bbox 756 1651 791 1712; x_wconf 89' lang='lat' dir='ltr'><em>H</em></span> <span class='ocrx_word' id='word_1_98' title='bbox 795 1651 832 1732; x_wconf 79' lang='grc' dir='ltr'>Θ,</span> <span class='ocrx_word' id='word_1_99' title='bbox 851 1653 885 1713; x_wconf 89' lang='lat' dir='ltr'>et</span> <span class='ocrx_word' id='word_1_100' title='bbox 902 1652 972 1713; x_wconf 90' lang='grc' dir='ltr'>ΒΚ</span> <span class='ocrx_word' id='word_1_101' title='bbox 985 1680 1026 1702; x_wconf 95' lang='lat'><em>=</em></span> <span class='ocrx_word' id='word_1_102' title='bbox 1042 1651 1117 1714; x_wconf 82' lang='lat' dir='ltr'>AB.</span> 
     </span>
    </p>
   </div>
   <div class='ocr_carea' id='block_1_6' title="bbox 170 2616 1114 2701">
    <p class='ocr_par' dir='ltr' id='par_1_7' title="bbox 170 2616 1114 2701">
     <span class='ocr_line' id='line_1_15' title="bbox 170 2616 1114 2701; baseline 0.002 -20"><span class='ocrx_word' id='word_1_103' title='bbox 170 2616 253 2700; x_wconf 87' lang='lat' dir='ltr'>dico,</span> <span class='ocrx_word' id='word_1_104' title='bbox 285 2623 405 2682; x_wconf 86' lang='lat' dir='ltr'>rectem</span> <span class='ocrx_word' id='word_1_105' title='bbox 432 2639 491 2701; x_wconf 89' lang='lat' dir='ltr'>per</span> <span class='ocrx_word' id='word_1_106' title='bbox 514 2621 560 2701; x_wconf 88' lang='lat' dir='ltr'>K,</span> <span class='ocrx_word' id='word_1_107' title='bbox 579 2621 618 2681; x_wconf 90' lang='lat' dir='ltr'><em>H</em></span> <span class='ocrx_word' id='word_1_108' title='bbox 641 2617 770 2681; x_wconf 86' lang='lat' dir='ltr'>ductam</span> <span class='ocrx_word' id='word_1_109' title='bbox 799 2638 871 2681; x_wconf 88' lang='lat' dir='ltr'>oum</span> <span class='ocrx_word' id='word_1_110' title='bbox 898 2617 1033 2700; x_wconf 87' lang='lat' dir='ltr'>utreque</span> <span class='ocrx_word' id='word_1_111' title='bbox 1061 2639 1114 2700; x_wconf 61' lang='lat' dir='ltr'>op</span> 
     </span>
    </p>
   </div>
   <div class='ocr_carea' id='block_1_7' title="bbox 100 2714 1115 3125">
    <p class='ocr_par' dir='ltr' id='par_1_8' title="bbox 100 2714 1115 2914">
     <span class='ocr_line' id='line_1_16' title="bbox 100 2714 1115 2807; baseline -0.001 -20"><span class='ocrx_word' id='word_1_112' title='bbox 100 2714 209 2806; x_wconf 83' lang='lat' dir='ltr'>posite</span> <span class='ocrx_word' id='word_1_113' title='bbox 232 2744 429 2807; x_wconf 87' lang='lat' dir='ltr'>concurrere,</span> <span class='ocrx_word' id='word_1_114' title='bbox 453 2727 485 2788; x_wconf 89' lang='lat' dir='ltr'>et</span> <span class='ocrx_word' id='word_1_115' title='bbox 507 2726 613 2787; x_wconf 85' lang='lat' dir='ltr'>rectas</span> <span class='ocrx_word' id='word_1_116' title='bbox 638 2745 657 2786; x_wconf 85' lang='lat' dir='ltr'>e</span> <span class='ocrx_word' id='word_1_117' title='bbox 679 2723 808 2805; x_wconf 89' lang='lat' dir='ltr'>punctis</span> <span class='ocrx_word' id='word_1_118' title='bbox 828 2743 1001 2787; x_wconf 88' lang='lat' dir='ltr'>concursus</span> <span class='ocrx_word' id='word_1_119' title='bbox 1021 2723 1061 2788; x_wconf 86' lang='lat' dir='ltr'>ed</span> <span class='ocrx_word' id='word_1_120' title='bbox 1081 2727 1115 2786; x_wconf 87' lang='grc' dir='ltr'><em>Δ</em></span> 
     </span>
     <span class='ocr_line' id='line_1_17' title="bbox 101 2828 625 2914; baseline 0 -22"><span class='ocrx_word' id='word_1_121' title='bbox 101 2828 213 2894; x_wconf 84' lang='lat' dir='ltr'>ductes</span> <span class='ocrx_word' id='word_1_122' title='bbox 238 2829 405 2913; x_wconf 85' lang='lat' dir='ltr'>oppositas</span> <span class='ocrx_word' id='word_1_123' title='bbox 429 2829 625 2914; x_wconf 84' lang='lat' dir='ltr'>contingere.</span> 
     </span>
    </p>

    <p class='ocr_par' dir='ltr' id='par_1_9' title="bbox 100 2933 1113 3125">
     <span class='ocr_line' id='line_1_18' title="bbox 169 2933 1113 3019; baseline 0 -21"><span class='ocrx_word' id='word_1_124' title='bbox 169 2933 327 2999; x_wconf 85' lang='lat' dir='ltr'>ducentur</span> <span class='ocrx_word' id='word_1_125' title='bbox 345 2935 568 3019; x_wconf 81' lang='lat' dir='ltr'>contingentes</span> <span class='ocrx_word' id='word_1_126' title='bbox 588 2937 664 3019; x_wconf 77' lang='grc' dir='ltr'>ΛΕ,</span> <span class='ocrx_word' id='word_1_127' title='bbox 679 2940 712 2996; x_wconf 75' lang='lat' dir='ltr'><em>A</em></span> <span class='ocrx_word' id='word_1_128' title='bbox 718 2938 754 3017; x_wconf 92' lang='lat' dir='ltr'>Z,</span> <span class='ocrx_word' id='word_1_129' title='bbox 773 2934 970 3018; x_wconf 86' lang='lat' dir='ltr'>duceturque</span> <span class='ocrx_word' id='word_1_130' title='bbox 989 2937 1052 2998; x_wconf 87' lang='grc' dir='ltr'>ΕΖ</span> <span class='ocrx_word' id='word_1_131' title='bbox 1071 2937 1113 3017; x_wconf 91' lang='lat' dir='ltr'>et,</span> 
     </span>
     <span class='ocr_line' id='line_1_19' title="bbox 100 3039 1113 3125; baseline -0.001 -21"><span class='ocrx_word' id='word_1_132' title='bbox 100 3041 128 3104; x_wconf 91' lang='lat' dir='ltr'>si</span> <span class='ocrx_word' id='word_1_133' title='bbox 156 3040 227 3104; x_wconf 89' lang='lat' dir='ltr'>fieri</span> <span class='ocrx_word' id='word_1_134' title='bbox 254 3042 377 3125; x_wconf 87' lang='lat' dir='ltr'>potest,</span> <span class='ocrx_word' id='word_1_135' title='bbox 408 3061 467 3123; x_wconf 82' lang='lat' dir='ltr'>per</span> <span class='ocrx_word' id='word_1_136' title='bbox 491 3043 536 3123; x_wconf 89' lang='lat' dir='ltr'>K,</span> <span class='ocrx_word' id='word_1_137' title='bbox 555 3044 594 3105; x_wconf 90' lang='lat' dir='ltr'><em>H</em></span> <span class='ocrx_word' id='word_1_138' title='bbox 617 3062 657 3105; x_wconf 94' lang='lat' dir='ltr'>ne</span> <span class='ocrx_word' id='word_1_139' title='bbox 686 3040 793 3124; x_wconf 88' lang='lat' dir='ltr'>cedet,</span> <span class='ocrx_word' id='word_1_140' title='bbox 826 3041 882 3106; x_wconf 92' lang='lat' dir='ltr'>sed</span> <span class='ocrx_word' id='word_1_141' title='bbox 905 3043 962 3104; x_wconf 89' lang='lat' dir='ltr'>eut</span> <span class='ocrx_word' id='word_1_142' title='bbox 984 3061 1042 3125; x_wconf 88' lang='lat' dir='ltr'>per</span> <span class='ocrx_word' id='word_1_143' title='bbox 1066 3039 1113 3104; x_wconf 87' lang='lat' dir='ltr'>el-</span> 
     </span>
    </p>
   </div>
   <div class='ocr_carea' id='block_1_8' title="bbox 99 3194 1112 3548">
    <p class='ocr_par' dir='ltr' id='par_1_10' title="bbox 99 3194 1112 3548">
     <span class='ocr_line' id='line_1_20' title="bbox 174 3194 1111 3265; baseline 0.003 -18"><span class='ocrx_word' id='word_1_144' title='bbox 174 3198 201 3263; x_wconf 74' lang='lat'>1)</span> <span class='ocrx_word' id='word_1_145' title='bbox 225 3195 278 3250; x_wconf 86' lang='lat' dir='ltr'>Hic</span> <span class='ocrx_word' id='word_1_146' title='bbox 298 3194 405 3264; x_wconf 86' lang='lat' dir='ltr'>eliquid</span> <span class='ocrx_word' id='word_1_147' title='bbox 423 3194 568 3248; x_wconf 80' lang='lat' dir='ltr'>turbatum</span> <span class='ocrx_word' id='word_1_148' title='bbox 588 3197 644 3262; x_wconf 87' lang='lat' dir='ltr'>est;</span> <span class='ocrx_word' id='word_1_149' title='bbox 666 3212 732 3250; x_wconf 91' lang='lat' dir='ltr'>nem</span> <span class='ocrx_word' id='word_1_150' title='bbox 755 3198 891 3265; x_wconf 85' lang='lat' dir='ltr'>punctum</span> <span class='ocrx_word' id='word_1_151' title='bbox 909 3200 935 3248; x_wconf 87' lang='grc' dir='ltr'><em>Δ</em></span> <span class='ocrx_word' id='word_1_152' title='bbox 958 3195 987 3250; x_wconf 89' lang='lat' dir='ltr'>in</span> <span class='ocrx_word' id='word_1_153' title='bbox 1006 3194 1111 3264; x_wconf 76' lang='lat' dir='ltr'>angulo</span> 
     </span>
     <span class='ocr_line' id='line_1_21' title="bbox 101 3264 1111 3337; baseline 0.004 -19"><span class='ocrx_word' id='word_1_154' title='bbox 101 3265 235 3335; x_wconf 89' lang='lat' dir='ltr'>deinceps</span> <span class='ocrx_word' id='word_1_155' title='bbox 253 3266 347 3335; x_wconf 86' lang='lat' dir='ltr'>posito</span> <span class='ocrx_word' id='word_1_156' title='bbox 366 3264 491 3335; x_wconf 86' lang='lat' dir='ltr'>positum</span> <span class='ocrx_word' id='word_1_157' title='bbox 510 3281 570 3320; x_wconf 88' lang='lat' dir='ltr'>esse</span> <span class='ocrx_word' id='word_1_158' title='bbox 589 3281 702 3321; x_wconf 84' lang='lat' dir='ltr'>necesse</span> <span class='ocrx_word' id='word_1_159' title='bbox 721 3270 777 3334; x_wconf 90' lang='lat' dir='ltr'>est,</span> <span class='ocrx_word' id='word_1_160' title='bbox 802 3266 831 3321; x_wconf 89' lang='lat' dir='ltr'>et</span> <span class='ocrx_word' id='word_1_161' title='bbox 848 3267 890 3321; x_wconf 81' lang='lat' dir='ltr'>itu</span> <span class='ocrx_word' id='word_1_162' title='bbox 907 3264 938 3320; x_wconf 92' lang='lat' dir='ltr'>in</span> <span class='ocrx_word' id='word_1_163' title='bbox 956 3267 1046 3337; x_wconf 81' lang='lat' dir='ltr'>figure</span> <span class='ocrx_word' id='word_1_164' title='bbox 1064 3282 1111 3322; x_wconf 89' lang='lat' dir='ltr'>co-</span> 
     </span>
     <span class='ocr_line' id='line_1_22' title="bbox 99 3334 1112 3407; baseline 0 -17"><span class='ocrx_word' id='word_1_165' title='bbox 99 3334 171 3391; x_wconf 90' lang='lat' dir='ltr'>dicis</span> <span class='ocrx_word' id='word_1_166' title='bbox 189 3336 215 3390; x_wconf 91' lang='lat' dir='ltr'><strong>V</strong></span> <span class='ocrx_word' id='word_1_167' title='bbox 234 3340 285 3392; x_wconf 87' lang='lat' dir='ltr'>est.</span> <span class='ocrx_word' id='word_1_168' title='bbox 328 3351 413 3404; x_wconf 84' lang='lat' dir='ltr'>quere</span> <span class='ocrx_word' id='word_1_169' title='bbox 432 3334 540 3390; x_wconf 90' lang='lat' dir='ltr'>Memus</span> <span class='ocrx_word' id='word_1_170' title='bbox 565 3337 706 3406; x_wconf 85' lang='lat' dir='ltr'>ceterique</span> <span class='ocrx_word' id='word_1_171' title='bbox 728 3337 783 3392; x_wconf 92' lang='lat' dir='ltr'>hoc</span> <span class='ocrx_word' id='word_1_172' title='bbox 807 3335 836 3390; x_wconf 88' lang='lat' dir='ltr'>in</span> <span class='ocrx_word' id='word_1_173' title='bbox 855 3335 949 3392; x_wconf 86' lang='lat' dir='ltr'>uerbis</span> <span class='ocrx_word' id='word_1_174' title='bbox 967 3336 1112 3407; x_wconf 84' lang='lat' dir='ltr'>Apollonii</span> 
     </span>
     <span class='ocr_line' id='line_1_23' title="bbox 99 3401 1111 3481; baseline 0.001 -22"><span class='ocrx_word' id='word_1_175' title='bbox 99 3405 271 3461; x_wconf 72' lang='lat' dir='ltr'>addiderunt</span> <span class='ocrx_word' id='word_1_176' title='bbox 298 3403 340 3476; x_wconf 82' lang='grc' dir='ltr'>(τὸ</span> <span class='ocrx_word' id='word_1_177' title='bbox 361 3413 386 3462; x_wconf 87' lang='grc' dir='ltr'><em>Δ</em></span> <span class='ocrx_word' id='word_1_178' title='bbox 410 3411 526 3476; x_wconf 77' lang='grc' dir='ltr'><strong><em>σημεῖον</em></strong></span> <span class='ocrx_word' id='word_1_179' title='bbox 550 3401 582 3461; x_wconf 74' lang='grc' dir='ltr'>ἕν</span> <span class='ocrx_word' id='word_1_180' title='bbox 603 3408 637 3478; x_wconf 79' lang='grc' dir='ltr'>τῇ</span> <span class='ocrx_word' id='word_1_181' title='bbox 662 3404 767 3476; x_wconf 76' lang='grc' dir='ltr'><strong><em>ἐφεξῆς</em></strong></span> <span class='ocrx_word' id='word_1_182' title='bbox 790 3408 879 3481; x_wconf 76' lang='grc' dir='ltr'><strong><em>γωνίᾳ</em></strong></span> <span class='ocrx_word' id='word_1_183' title='bbox 902 3408 952 3478; x_wconf 80' lang='grc' dir='ltr'>τῆς</span> <span class='ocrx_word' id='word_1_184' title='bbox 975 3404 1030 3463; x_wconf 73' lang='grc' dir='ltr'>ὑπὸ</span> <span class='ocrx_word' id='word_1_185' title='bbox 1054 3408 1111 3463; x_wconf 78' lang='grc' dir='ltr'>τῶν</span> 
     </span>
     <span class='ocr_line' id='line_1_24' title="bbox 101 3472 783 3548; baseline 0.001 -17"><span class='ocrx_word' id='word_1_186' title='bbox 101 3474 294 3547; x_wconf 58' lang='lat' dir='ltr'>&amp;connectens</span> <span class='ocrx_word' id='word_1_187' title='bbox 312 3475 523 3547; x_wconf 79' lang='grc' dir='ltr'><em>περιεχομένης,</em></span> <span class='ocrx_word' id='word_1_188' title='bbox 542 3472 644 3546; x_wconf 75' lang='grc' dir='ltr'>ὁμοίως</span> <span class='ocrx_word' id='word_1_189' title='bbox 662 3478 783 3548; x_wconf 84' lang='lat' dir='ltr'>Hulley).</span> 
     </span>
    </p>
   </div>
   <div class='ocr_carea' id='block_1_9' title="bbox 914 3566 950 3622">
    <p class='ocr_par' dir='ltr' id='par_1_11' title="bbox 914 3566 950 3622">
     <span class='ocr_line' id='line_1_25' title="bbox 914 3566 950 3622; baseline 0 -22"><span class='ocrx_word' id='word_1_190' title='bbox 914 3566 950 3622; x_wconf 71' lang='lat'>3*</span> 
     </span>
    </p>
   </div>
   <div class='ocr_carea' id='block_1_10' title="bbox 0 0 1226 3892">
    <p class='ocr_par' dir='ltr' id='par_1_12' title="bbox 0 0 1226 3892">
     <span class='ocr_line' id='line_1_26' title="bbox 0 0 1226 3892; baseline 0 3"><span class='ocrx_word' id='word_1_191' title='bbox 0 0 1226 3892; x_wconf 95' lang='lat' dir='ltr'> </span> 
     </span>
    </p>
   </div>
  </div>
 </body>
</html>
