2444 3892
245 141 350 192 ΡΑΡΡΙ
366 142 542 193 LEMMATA
560 143 600 196 m
619 143 736 196 come.
756 144 824 198 Lm.
844 144 939 196 1-w.
1038 141 1101 207 147

86 286 148 350 τοῦ
171 281 247 368 περὶ
269 282 410 370 κέντρον
433 279 471 350 τὸ
492 288 535 368 Κ,
557 283 729 356 τουτέστιν
748 286 809 351 τοῦ
827 283 903 371 περὶ
922 281 1102 374 διάμετρον

85 385 148 474 τὴν
172 393 245 455 ΑΓ.
466 387 467 391 ’

153 511 190 579 ε’.
223 517 319 598 Τρεῖς
336 511 543 599 παράλληλοι
562 515 598 579 αἱ
610 520 688 600 ΑΒ,
702 519 775 599 ΓΑ,
791 521 863 598 ΕΖ,
881 513 936 581 καὶ
955 516 1101 602 διήχθω-

86 636 149 684 σαν
177 621 224 698 εἰς
251 615 355 697 αὐτὰς
384 617 447 686 δύο
475 615 607 686 εὐθεῖαι
635 623 674 686 αι’
693 625 840 704 ΑΗΖΓ,
860 626 1015 686 ΒΗΕΛ·
1048 618 1100 690 ὅτι

84 729 222 809 γίνεται,
246 726 291 801 ὡς
312 721 350 791 τὸ
374 720 440 791 ὑπὸ
461 731 537 809 ΑΒ,
557 730 620 790 ΕΖ
643 723 727 811 πρὸς
749 722 787 792 τὸ
811 723 876 792 ἀπὸ
896 731 969 810 ΓΔ,
993 727 1099 806 οὕτως
1135 743 1151 794 5

83 828 121 897 τὸ
145 826 211 897 ὑπὸ
238 836 339 895 ΑΗΖ
362 827 446 915 πρὸς
467 828 505 898 τὸ
530 827 595 898 ἀπὸ
619 836 692 898 ΗΓ
710 829 929 917 τετράγωνον.
1006 886 1008 890 .

151 937 221 1002 ἐπεὶ
244 937 309 1023 γοὶρ
334 936 424 1003 ἐστιν
449 938 555 1020 [ΕιιοΙ.
574 938 636 1023 VI,
653 941 705 1021 4]‚
734 939 779 1014 ὡς
801 932 822 1021 ἡ
842 943 908 1003 ΑΒ
930 934 1014 1022 πρὸς
1035 935 1098 1023 τὴν

82 1049 157 1127 ΖΕ,
181 1043 352 1109 τουτέστιν
376 1045 421 1120 ὡς
443 1043 480 1111 τὸ
504 1039 570 1109 ὑπὸ
592 1049 668 1126 ΑΒ,
688 1049 752 1108 ΖΕ
772 1040 857 1128 πρὸς
877 1043 915 1109 τὸ
941 1038 1005 1110 ἀπὸ
1025 1049 1098 1127 ΖΕ,

90 1181 118 1223 Δ
327 1181 361 1228 Γ
615 1145 722 1228 οὕτως
735 1145 755 1235 ἡ
770 1155 844 1215 ΑΗ
854 1145 937 1235 πρὸς
950 1147 1011 1233 τὴν
1019 1155 1058 1214 Η
1060 1156 1097 1234 Ζ,

396 1232 436 1278 ff
502 1323 503 1328 ,
613 1256 784 1322 τουτέστιν
816 1251 854 1322 τὸ
887 1250 954 1321 ὑπὸ
986 1261 1096 1321 ΑΗΖ
1117 1269 1152 1318 10

121 1344 152 1390 B
269 1343 294 1391 Z
348 1369 376 1415 Ζ
613 1359 697 1448 πρὸς
719 1361 756 1427 τὸ
777 1356 841 1427 ἀπὸ
861 1365 942 1445 ΗΖ,
966 1363 1011 1439 ὡς
1031 1358 1098 1447 ἄρα

302 1493 335 1538 Γ
520 1486 542 1534 Α
612 1464 650 1534 τὸ
675 1463 741 1533 ὑπὸ
765 1474 842 1552 ΑΒ,
863 1473 927 1532 ΖΕ
951 1464 1035 1552 πρὸς
1058 1466 1095 1533 τὸ

271 1606 300 1651 A
557 1609 587 1655 B
612 1569 678 1639 ἀπὸ
710 1579 787 1658 ΖΕ,
821 1573 929 1652 οὕτως
959 1573 997 1640 τὸ
1029 1569 1095 1640 ὑπὸ
1205 1580 1211 1587 ’

98 1659 129 1710 Α
253 1672 280 1716 B
611 1685 718 1745 ΑΗΖ
751 1677 835 1766 πρὸς
860 1678 899 1746 τὸ
927 1677 991 1747 ιἰιτὸ
1018 1685 1094 1744 ΗΖ.

80 1780 238 1850 ἀλλὰκαὶ
257 1785 302 1863 ὡς
320 1784 357 1852 τὸ
376 1782 441 1852 οάιὸ
462 1792 526 1852 ΖΕ
546 1786 631 1871 πρὸς
649 1782 687 1852 τὸ
706 1782 771 1851 οάιὸ
785 1791 859 1866 ΓΛ,
879 1783 986 1865 οὕτως
1004 1784 1094 1852 ἐστὶν
1116 1800 1149 1850 15

79 1887 117 1957 τὸ
132 1889 199 1958 απὸ
215 1897 286 1956 ΖΗ
300 1889 384 1978 πρὸς
398 1889 436 1960 τὸ
452 1888 516 1960 ἀπὸ
532 1897 604 1958 ΗΓ
619 1892 724 1972 [Eucl.
735 1891 792 1976 VI,
801 1894 851 1974 4]·
880 1888 925 1957 δι’
938 1899 1015 1958 ἴσον
1030 1889 1096 1975 ἄρα

80 1997 181 2082 ἐστίν,
205 1999 250 2076 ὡς
267 1997 304 2065 τὸ
327 1994 393 2065 ὑπὸ
412 2004 491 2081 ΑΒ,
511 2002 575 2062 ΖΕ
597 1993 682 2082 πρὸς
703 1993 741 2061 τὸ
766 1992 830 2062 ἀπὸ
849 2000 912 2062 ΓΛ
934 1995 1095 2081 τετραγω-

82 2128 154 2188 νον,
174 2100 280 2182 οὕτως
297 2103 335 2170 τὸ
351 2098 417 2170 ὑπὸ
432 2108 538 2168 ΑΗΖ
556 2097 639 2184 πρὸς
657 2099 695 2167 τὸ
710 2096 775 2166 ἀπὸ
790 2104 861 2166 ΗΓ
874 2099 1095 2186 τετράγωνον.

148 2224 190 2299 ς’.
211 2224 337 2312 Ἔστω,
361 2230 406 2306 ὡς
429 2223 449 2312 ἡ
474 2232 539 2292 ΑΒ
562 2225 645 2310 πρὸς
668 2222 729 2311 τὴν
753 2228 824 2308 ΒΓ,
854 2221 960 2303 οὕτως
982 2224 1002 2310 ἡ
1024 2231 1095 2290 ΑΔ

79 2331 163 2418 πρὸς
185 2332 247 2418 τὴν
271 2338 348 2418 ΔΓ,
375 2332 431 2399 καὶ
453 2330 630 2417 τετμήσθω
654 2325 674 2415 ἡ
699 2334 767 2396 ΑΓ
792 2332 868 2414 δίχα
894 2327 978 2396 κατὰ
1004 2327 1042 2395 τὸ
1064 2337 1095 2397 Ε
1112 2340 1147 2395 20

78 2452 232 2525 σημεῖον·
261 2436 312 2506 ὅτι
335 2444 463 2526 γίνεται
490 2435 528 2505 τὸ
553 2437 613 2523 μὲν
636 2433 702 2503 ὑπὸ
728 2442 832 2503 ΒΕΔ
859 2442 934 2501 ἴσον
957 2438 1003 2525 τῷ
1027 2431 1091 2503 ἀπὸ

77 2551 151 2631 ΕΓ,
173 2545 211 2613 τὸ
237 2545 275 2612 δὲ
296 2542 362 2613 ὑπὸ
382 2549 490 2612 ΑΔΓ
508 2553 554 2636 τῷ
573 2540 639 2610 ὑπὸ
659 2549 773 2628 ΒΑΕ,
796 2539 833 2608 τὸ
855 2540 893 2607 δὲ
910 2537 976 2608 ὑπὸ
994 2547 1098 2609 ΑΒΓ

76 2654 121 2744 τῷ
144 2648 210 2718 ὑπὸ
235 2658 346 2718 ΕΒΑ.

230 2780 251 2828 Α
471 2775 495 2826 Ε
634 2776 660 2825 Δ
732 2773 759 2822 Γ
920 2774 942 2822 Β

238 2846 241 2880 Ι
483 2845 485 2879 Ι
647 2841 744 2879 Ι--ἱ
931 2840 935 2877 1

143 2934 213 3002 ἐπεὶ
241 2935 306 3021 γάρ
335 2936 439 3018 ἐστιν,
473 2935 517 3012 ὡς
543 2931 563 3016 ἡ
590 2938 655 2998 ΑΒ
683 2930 767 3017 πρὸς
791 2928 853 3016 τὴν
876 2935 953 3015 ΒΓ,
986 2927 1092 3007 οὕτως

75 3037 96 3128 ἡ
125 3048 197 3107 ΑΔ
228 3039 313 3126 πρὸς
339 3036 401 3126 τὴν
431 3044 507 3122 ΔΓ,
541 3037 702 3104 συνθέντι
734 3035 790 3102 καὶ
821 3035 862 3101 τὰ
890 3032 992 3122 ἡμίση
1021 3037 1091 3102 τῶν
1109 3046 1143 3097 25

75 3144 275 3235 ἡγουμένων
302 3146 358 3213 καὶ
387 3142 636 3232 ἀναστρέψαντι
662 3146 769 3227 ἐστιν,
802 3144 847 3220 ὡς
873 3139 894 3227 ἡ
918 3147 983 3207 ΒΕ
1009 3139 1092 3227 πρὸς

74 3252 137 3339 τὴν
152 3259 225 3338 ΕΓ,
246 3250 352 3331 οὕτως
369 3249 390 3338 ἡ
405 3257 470 3319 ΓΕ
485 3249 569 3338 πρὸς
587 3249 648 3336 τὴν
663 3256 744 3315 ΕΔ·
767 3245 805 3315 τὸ
825 3245 889 3334 ἄρα
908 3244 972 3315 ὑπὸ
987 3253 1091 3313 ΒΕΔ

76 3367 152 3428 ἴσον
176 3359 267 3427 ἐστὶν
286 3362 332 3451 τῷ
351 3356 415 3426 ἀπὸ
436 3364 500 3426 ΓΕ
520 3355 725 3446 τετραγώνῳ.
761 3352 880 3422 κοινὸν
900 3350 1089 3441 ἀφῃρήσθω

74 3462 113 3534 τὸ
137 3463 202 3533 ἀπὸ
229 3472 297 3533 ΕΔ
319 3463 544 3552 τετράγωνον·
573 3461 693 3531 λοιπὸν
719 3462 823 3544 [Euel.
842 3461 884 3547 II,
903 3462 937 3544 5]
962 3460 1029 3547 ἄρα
1050 3457 1088 3527 τὸ

875 3566 929 3621 10*
