2444 3892
469 164 747 221 PROLEGOMENA.
990 163 1118 220 LXXVII

105 305 193 373 eaput
215 303 288 360 linee
311 304 433 362 munani.
480 304 518 361 Et
540 303 655 360 nomino
682 303 772 359 lineae
800 305 1017 374 equidietantee,
1046 322 1116 376 quae

106 384 229 452 narraui,
247 384 336 440 lineae
354 385 459 440 ordinis
477 384 523 440 illi
541 383 685 440 diametro.

176 463 212 518 Et
231 464 359 520 similiter
376 466 488 535 iterum,
508 483 571 520 eum
591 467 657 518 sunt
675 464 729 518 due
748 461 822 519 linee
839 466 955 521 muneni
974 465 1004 520 in
1021 482 1114 535 euper-

104 543 167 598 fieie
187 560 254 612 una,
272 545 341 599 tuna
359 561 411 614 ego
430 543 558 612 nomino,
578 544 653 612 quod
672 542 750 598 eadit
767 543 841 598 inter
858 543 928 598 duae
945 544 1036 601 lineae
1055 563 1115 600 mu-

105 623 174 677 nani
192 623 227 678 de
246 624 322 680 linea
339 627 424 692 reete,
444 641 498 694 qne
517 625 596 679 eeeat
614 638 710 678 omnes
728 621 817 677 lineae
836 625 926 680 rectae
940 624 1115 696 egredientes
1142 639 1155 679 5

103 702 134 756 in
162 720 330 773 unaquaque
358 704 476 759 duarum
504 703 641 758 linearum
669 702 786 756 munani
813 702 1014 770 equidietantee
1042 705 1115 760 linee

104 781 199 851 alique
218 783 248 837 iu
266 785 322 838 duo
341 783 435 838 media
454 784 482 837 et
501 783 556 837 duo
573 783 676 850 media,
695 782 863 836 diametrum
875 784 1052 853 mugeniben.
1079 786 1116 840 Et

104 861 218 917 nomino
242 863 312 917 duae
332 861 525 916 extremitates
549 860 681 915 diametri
698 860 854 931 mugenibi,
878 877 932 928 que
950 865 1015 918 eunt
1033 881 1116 934 euper

105 941 176 995 dnae
198 941 289 996 lineas
312 941 441 1010 munani‚
465 940 520 995 duo
544 940 639 1009 capita
656 939 774 994 duarum
792 939 930 994 linearum
947 941 1115 999 mununieni.

105 1019 144 1072 Et
164 1020 278 1074 nomino
296 1019 402 1075 lineam
419 1022 541 1088 rectam,
559 1035 614 1088 que
632 1019 709 1074 eadit
727 1019 801 1073 iuter
819 1019 888 1074 duae
907 1018 997 1074 lineaa
1017 1037 1112 1075 muna·
1130 1036 1156 1077 10

107 1096 186 1153 nieni
209 1101 237 1152 et
259 1100 397 1168 punctum
420 1115 505 1168 anper
526 1098 694 1153 diametrum
712 1098 849 1168 mugenib
873 1100 902 1153 et
924 1100 1003 1153 eeeat
1021 1115 1116 1155 omnes

106 1177 196 1232 lineas
210 1182 302 1232 rectae
317 1177 518 1246 equidietantee
533 1177 669 1232 diametro
683 1177 825 1247 mugenib,
840 1195 904 1233 eum
913 1179 1117 1247 protrahuntur

105 1256 180 1311 inter
198 1257 267 1311 duaa
286 1256 376 1311 lineas
394 1257 564 1325 mananieni,
584 1257 673 1312 donee
690 1256 858 1326 perueniant
875 1273 971 1318 earum
986 1258 1117 1314 extremi·

104 1336 179 1390 tates
203 1335 239 1390 ad
258 1335 327 1390 duae
346 1336 434 1391 lineae
453 1335 628 1406 mananieni,
652 1337 682 1391 in
700 1336 755 1391 duo
774 1336 868 1393 media
892 1340 921 1392 et
939 1338 994 1393 duo
1013 1339 1115 1408 media,

103 1414 273 1470 diametrum
292 1417 423 1471 erectam.
452 1415 489 1469 Et
506 1415 620 1469 nomino
634 1415 685 1470 hae
701 1415 791 1471 lineae
807 1415 1011 1485 equidietentee
1025 1417 1115 1473 lineas
1131 1429 1156 1471 ra

103 1494 210 1549 ordinis
230 1494 267 1548 ad
284 1495 365 1548 illam
383 1494 553 1549 diametrum
571 1497 700 1550 erectam.

175 1574 213 1629 Et
231 1591 295 1629 eum
313 1576 378 1629 eunt
395 1575 449 1629 due
467 1574 541 1630 linee
559 1577 643 1643 reete,
663 1591 716 1643 que
735 1577 801 1630 aunt
819 1576 873 1629 due
891 1576 1022 1633 diametri
1039 1577 1114 1633 linee

102 1653 220 1708 munani
239 1655 289 1708 aut
307 1653 425 1708 duarum
443 1653 580 1708 linearum
598 1654 772 1723 munanieni,
796 1657 825 1710 et
846 1672 1013 1726 unaqueque
1037 1660 1114 1713 eeeai

101 1731 191 1786 lineas
215 1732 421 1802 equidietuntee
445 1732 528 1788 alteri
550 1735 580 1787 in
602 1734 657 1789 duo
675 1733 769 1789 media
788 1737 818 1789 et
836 1736 890 1790 duo
909 1736 1016 1807 media,
1045 1738 1113 1792 tune

101 1811 216 1866 nomino
235 1828 283 1868 eae
302 1813 371 1867 duae
390 1811 541 1868 diametros
558 1812 791 1882 muzdaguageni.
1128 1830 1154 1870 20

174 1890 212 1946 Et
228 1892 341 1948 nomino
360 1891 464 1946 lineam
482 1894 598 1958 rectam,
617 1909 681 1945 eum
698 1893 741 1945 eet
759 1891 897 1947 diameter
909 1893 983 1948 linee
997 1894 1114 1949 muneni

102 1973 153 2025 aut
172 1971 289 2026 duarum
306 1972 445 2027 linearum
463 1969 628 2026 mananieni
650 1970 680 2024 et
702 1971 779 2024 secat
796 1970 885 2024 lineas
904 1972 1114 2042 equidistantee,

177 2188 199 2237 1.
223 2184 315 2253 capud
336 2183 364 2238 0.
439 2180 564 2252 munani]
587 2180 618 2235 in
635 2181 721 2236 unaui
740 2181 776 2235 Β.
849 2179 1057 2248 equedietantee
1076 2181 1112 2238 Β.

139 2259 164 2308 2.
188 2255 314 2326 narraui]
334 2253 478 2309 nominaui
498 2252 526 2308 0.
599 2252 742 2321 dyametro
761 2252 797 2306 Β.
870 2258 895 2307 3.
917 2251 1032 2324 iterum]
1052 2248 1114 2310 re’m

101 2322 167 2379 ΒΟ.
239 2323 297 2380 sint
314 2325 350 2381 Β.
424 2324 490 2395 due]
513 2323 568 2378 alie
588 2323 641 2378 due
666 2322 697 2378 0.
768 2322 900 2394 munani]
923 2324 953 2377 in
971 2323 1058 2379 unani
1076 2326 1112 2378 Β.

138 2399 165 2449 4.
187 2395 292 2467 lineae]
308 2412 359 2452 om.
378 2394 441 2450 ΒΟ.
513 2393 646 2465 munani]
670 2393 700 2448 in
718 2393 804 2447 unaui
823 2394 859 2447 Β.
932 2399 956 2449 5.
981 2398 1058 2450 secet
1076 2397 1112 2451 Β.

137 2466 243 2537 rectae]
262 2484 312 2522 om.
327 2467 362 2521 Β.
419 2473 442 2521 6.
462 2464 594 2536 munani]
614 2466 643 2519 in
657 2463 742 2519 unaui
759 2465 795 2520 Β.
851 2465 1061 2532 equedietantea
1075 2467 1112 2520 Β.

141 2542 165 2590 7.
185 2535 398 2662 111111111ὲαί111111
418 2537 447 2593 0.
508 2535 687 2604 diametrum]
707 2551 758 2590 om.
777 2535 813 2590 Β.
871 2537 956 2591 Et-
971 2541 996 2589 9.
1015 2552 1113 2590 muna-

100 2607 191 2679 nieni]
211 2624 261 2664 om.
301 2649 308 2663 .
366 2615 391 2664 8.
410 2603 564 2678 mugenid'i
580 2607 608 2660 0.
664 2612 689 2661 9.
704 2605 866 2660 munameni
879 2605 1015 2661 11111110.
1072 2613 1113 2661 10.

100 2694 203 2767 lineae]
223 2712 273 2753 om.
293 2698 328 2752 Β.
410 2711 560 2751 munumen
580 2694 614 2761 0,
642 2695 758 2749 munani
776 2696 812 2750 Β.
899 2698 941 2748 11.
964 2694 1112 2765 punctum]

100 2770 157 2839 iro-r
178 2767 214 2822 A.
302 2768 478 2837 dyametrum
498 2769 534 2821 Β.
626 2771 667 2820 12.
691 2766 902 2835 equedistantee
924 2764 959 2818 Β.
1046 2764 1113 2833 dya-

99 2840 191 2895 metro
209 2838 246 2893 Β.
324 2845 365 2896 13.
383 2856 543 2893 mumamen
563 2838 597 2907 0,
619 2837 791 2892 numauien?
809 2837 845 2892 Β.
921 2834 1113 2891 extremitates

100 2926 199 2966 eorum
221 2910 257 2964 Β.
351 2914 391 2964 14.
415 2907 576 2964 mumanien
600 2907 634 2973 0,
661 2926 821 2963 mumamen
839 2907 875 2961 Β.
966 2904 1034 2976 duo]
1058 2905 1113 2961 duo

100 2981 178 3037 linea
196 2980 233 3049 B,
251 2982 297 3035 aed
315 2996 384 3037 corr.
447 2982 476 3034 et
495 2979 551 3034 duo
569 2977 675 3051 media]
695 2996 745 3034 om.
764 2981 800 3034 Β.
875 2983 916 3033 15.
936 2977 1112 3046 equedietan-

99 3054 144 3107 ter
164 3053 200 3107 B.
276 3058 317 3106 16.
336 3052 513 3120 dyametrum
534 3050 562 3107 0.
640 3055 681 3106 17.
701 3050 865 3120 eunt(pr.)]
885 3048 942 3102 sint
960 3049 997 3101 B.
1070 3052 1112 3104 18.

100 3148 234 3221 mnnani]
251 3148 401 3203 inimaui?
421 3148 457 3202 Β.
512 3146 672 3202 munaniem
688 3145 721 3216 0,
736 3133 916 3229 irenaei-B.
974 3148 1014 3199 19.
1030 3161 1113 3214 eque-

101 3219 240 3274 diatantes
259 3221 294 3275 Β.
350 3219 450 3291 alteri]
470 3234 566 3274 ecura
583 3217 611 3274 0.
666 3219 696 3273 et
714 3219 769 3274 duo
788 3217 893 3288 media]
912 3231 962 3271 om.
977 3216 1014 3270 Β,
1068 3223 1112 3271 20.

100 3327 261 3396 dyametros
281 3324 344 3381 ΒΟ.
418 3301 622 3397 murdaguugeni
642 3325 671 3392 0,
690 3325 765 3379 nuria
784 3324 941 3404 daguagem
960 3323 996 3379 Β.
1069 3327 1112 3377 21.

101 3397 249 3466 dyameter
267 3395 330 3452 Bo,
403 3397 517 3451 munaui
537 3398 572 3452 Β.
645 3401 688 3452 22.
708 3396 890 3449 munnameni
909 3398 944 3462 A,
962 3395 1009 3449 sed
1027 3409 1114 3460 eorm

101 3484 273 3540 mumanieni
294 3485 327 3553 0,
354 3473 490 3539 mimani?
510 3485 546 3541 B.
620 3484 829 3554 equedietentee
848 3484 884 3538 Β.
