2444 3892
145 109 208 172 116
535 108 761 161 FRAGMENTA.

140 248 282 336 ἅπτηται
311 247 349 317 δὲ
376 247 413 317 τὸ
442 252 500 334 τῆς
528 251 608 335 μιᾶς
630 248 732 331 πέρας
755 248 913 314 ἐπιπέδου
934 245 1041 315 τόπου
1064 248 1158 314 θέσει

141 356 343 442 δεδομένου,
372 350 489 436 ἅψεται
517 353 573 422 καί
598 352 636 422 τὸ
660 356 719 441 τῆς
741 354 852 436 ἑτέρας
874 353 977 439 πέρας
1000 353 1158 421 ἐπιπέδου

141 461 247 530 τόπου
275 461 370 530 θέσει
399 460 584 547 δεδομένου
611 456 670 528 ὁτὲ
694 457 756 547 μὲν
783 463 845 527 τοῦ
873 455 1073 546 ὁμογενοῦς,
1104 457 1159 528 ὁτὲ

143 568 180 636 δὲ
202 578 264 636 τοῦ
290 568 415 654 έτέρου,
438 567 494 634 καὶ
518 563 573 635 ὁτὲ
596 566 658 653 μέν
681 562 805 653 ὁμοίως
822 566 978 653 κειμένου
996 563 1079 652 πρὸς
1097 564 1159 652 τὴν

106 689 123 738 σ
142 672 294 760 εὐθεῖαν,
318 671 373 741 ὁτὲ
396 672 434 741 δὲ
457 673 624 752 ἐναντίως.
661 680 765 739 ταῦτα
789 671 826 739 δὲ
847 677 973 757 γίνεται
992 669 1081 757 παρὰ
1100 671 1160 752 τὰς

144 778 312 868 διαφορὰς
333 789 401 848 τῶν
424 775 663 865 ὑποκειμένων.

208 924 258 989 24.
283 925 414 1009 Pappus
437 923 583 1010 V11,26
606 949 635 1009 p.
660 924 734 1010 666,
760 924 801 988 14
824 909 885 1008 §qa

212 1045 257 1113 Τὸ
284 1045 321 1113 δὲ
345 1045 504 1130 δεύτερον
527 1051 660 1132 βιβλίον
683 1046 828 1134 περιέχει
849 1042 944 1112 τοὶδε·

209 1150 269 1220 ἐὰν
292 1149 357 1220 ιἰπὸ
381 1151 446 1219 δύο
471 1155 660 1238 δεδομένων
685 1157 831 1238 σημείων
855 1149 984 1219 εὐθεῖαι
1005 1150 1159 1216 κλασθεῖ-

90 1272 124 1323 10
143 1276 214 1344 σιν,
237 1259 294 1325 καὶ
317 1250 339 1346 ᾖ
361 1259 402 1325 τδι
426 1253 483 1326 ἄπ’
510 1254 622 1326 αὐτῶν
646 1259 785 1326 δοθέντι
807 1262 918 1348 χωρίῳ
944 1256 1159 1343 διαφέροντα,

143 1365 182 1432 τδ
209 1378 349 1451 σημεῖον
372 1353 494 1443 ἅψεται
513 1365 609 1433 θέσει
633 1364 815 1450 δεδομένης
838 1360 985 1443 εὐθείας·

210 1468 269 1537 ἐὰν
302 1469 340 1538 δέ
372 1461 456 1538 οἷσιν
490 1473 527 1539 έν
559 1469 647 1560 λόγῳ
681 1471 834 1557 δοθέντι,
867 1467 942 1556 ἤτοι
972 1465 1109 1546 εὐθείας
1139 1463 1159 1552 ἢ

133 1573 368 1662 ’περιφερείας

210 1679 270 1748 ἐὰν
293 1673 314 1770 ᾖ
338 1682 432 1750 θέσει
456 1682 619 1770 δεδομένη
644 1680 763 1750 εὐθεῖα
783 1683 838 1751 καί
857 1680 907 1750 ἐπ’
933 1680 1035 1767 αὐτῆς
1054 1680 1160 1748 δοθὲν

92 1802 125 1852 15
145 1799 284 1874 σημεῖον
311 1788 367 1855 καί
396 1785 461 1856 ιἰπδ
488 1789 611 1858 τούτου
639 1788 816 1877 διαχθεῖσα
842 1814 892 1869 τις
918 1788 1160 1874 πεπερασμένη,

145 1890 211 1961 ἀπὸ
237 1892 275 1962 δέ
296 1904 358 1963 τοῦ
379 1897 521 1982 πέρατος
543 1894 634 1984 ιἰχθη
656 1896 740 1984 πρὸς
762 1892 871 1985 ὀρθὰς
894 1895 947 1963 έπί
973 1893 1036 1981 την
1055 1894 1161 1978 θέσει,

145 2001 200 2067 καί
227 1992 249 2090 ᾖ
277 2000 315 2069 τὸ
342 1998 407 2070 ἀπὸ
435 2006 493 2089 τῆς
522 2007 717 2091 διαχθείσης
742 2009 819 2070 ίσον
840 2012 886 2093 τῷ
911 1997 976 2068 ὑπὸ
1002 2003 1162 2085 δοθείσης

144 2107 200 2175 καί
227 2098 266 2193 ἧς
294 2105 524 2196 ἀπολαμβάνει
554 2107 628 2196 ἤτοι
655 2107 738 2194 πρὸς
760 2111 805 2199 τῳ
830 2108 968 2176 δοθέντι
992 2110 1115 2197 σημείῳ
1140 2100 1161 2192 ἢ

145 2215 229 2297 πρὸς
252 2214 353 2305 ἑτέρῳ
380 2216 519 2283 δοθέντι
543 2221 668 2306 σημείῳ
692 2216 745 2283 ἐπὶ
768 2218 825 2301 τῆς
847 2215 943 2282 θέσει
967 2212 1161 2299 δεδομένης,

93 2334 127 2383 20
146 2320 183 2388 τὸ
212 2321 313 2405 πέρας
341 2324 442 2409 τῆσδε
469 2319 588 2402 ἅψεται
615 2323 709 2390 θέσει
734 2323 915 2408 δεδομένης
937 2323 1161 2407 περιφερείας·

212 2427 273 2493 έδν
301 2423 366 2494 ἀπὸ
396 2427 459 2495 δύο
488 2428 662 2495 δοθέντων
686 2433 832 2515 σημείων
856 2424 987 2494 εὐθεῖαι
1009 2427 1162 2493 αλασθω-

146 2549 217 2618 σιν,
245 2533 300 2599 καί
329 2526 350 2621 ᾖ
377 2559 414 2601 το
446 2531 511 2602 ἀπὸ
535 2544 594 2620 τῆς
617 2537 695 2620 μιᾶς
716 2537 778 2601 τοῦ
801 2531 866 2601 ιἰπδ
890 2544 949 2620 τῆς
972 2532 1084 2619 ἑτέρας
1107 2534 1161 2598 δο-

145 2640 241 2708 θέντι
274 2645 385 2726 μεῖζονΙ
418 2636 439 2726 ἢ
474 2641 511 2707 ἑν
543 2641 649 2730 λόγῳ,
681 2639 719 2708 τὸ
753 2653 891 2727 σημεῖον
921 2635 1040 2721 ἅψεται
1066 2638 1162 2705 θέσει

146 2746 330 2833 δεδομένης
352 2751 575 2836 περιφερείας·

93 2865 127 2916 25
214 2850 274 2919 έδιν
300 2849 365 2920 ἀπὸ
394 2848 550 2920 ὁσωνοῦν
578 2854 771 2940 δεδομένων
797 2858 945 2940 σημείων
966 2854 1162 2919 αλασθῶσιν

147 2955 277 3026 εὐθεῖαι
305 2956 387 3044 πρὸς
415 2958 466 3026 ἑνὶ
494 2965 633 3050 σημείῳ,
661 2960 717 3027 καί
743 2951 765 3048 ᾖ
793 2957 833 3026 τὰ
857 2955 922 3027 ἀπὸ
946 2961 1064 3027 πασῶν
1088 2961 1161 3043 είδη

148 3074 204 3132 ίσα
231 3065 369 3132 δοθέντι
391 3070 517 3155 χωρίῳ,
545 3066 582 3133 τὸ
608 3079 747 3154 σημεῖον
766 3063 884 3144 ἅψεται
907 3064 1002 3132 θέσει
1027 3066 1162 3150 δεδομέ-

146 3197 208 3256 νης
230 3174 451 3257 περιφερείας·

220 3388 262 3437 16.
285 3380 368 3438 θέσει
387 3381 544 3454 δεδομένην
567 3384 688 3440 Hultsch
706 3401 770 3439 cum
787 3382 908 3439 Halleio.
946 3433 950 3441 ,
1000 3388 1042 3437 20.
1061 3381 1161 3453 τῆσδε]

148 3458 197 3522 τῆς
216 3456 381 3523 διαχθείσης
401 3455 470 3510 coni.
491 3455 621 3511 Hultsch.
687 3529 694 3546 Ι
