2444 3892
145 186 213 252 204
427 186 690 239 οοωωωωνιῑοε
708 152 878 251 mmm.

146 331 262 416 ρυφὴν
300 324 387 396 είναι
424 328 620 414 ἐπιφανείας
657 321 678 413 ἢ
711 326 765 394 ἐπὶ
796 331 855 413 τῆς
886 325 974 394 κάτω
1010 331 1119 415 διχῶς
1150 323 1173 416 ἢ

147 436 296 521 ἐσωτέρω
324 437 385 502 τοῦ
412 432 541 502 κάκλου
568 432 589 520 ἢ
620 433 776 520 ἐξωτέρω.
824 437 878 501 δεῖ
898 432 936 501 δὲ
959 433 1172 521 ἐφιστάνειν,

148 539 200 609 ὅτι
230 545 329 609 τοῦτο
357 543 395 608 τὸ
424 539 586 626 θεώρημα
614 537 802 626 εὑρίσκεται
830 544 867 607 έν
893 559 983 608 τισιν
1011 537 1173 630 ἀντιγρά-

147 673 226 734 φοις
258 645 339 715 ὅλον
373 646 429 714 διά
462 651 521 732 τῆς
553 651 600 725 είς
632 643 803 714 ἄδάνατον
832 645 1011 732 ἀπαγωγῆς
1040 649 1171 735 δεδειγ-

112 755 260 841 σμένον.

567 864 628 939 Είς
650 859 687 928 τὸ
710 859 755 946 μ’.

218 982 263 1052 Τὸ
287 982 322 1071 γ’
345 982 507 1073 θεώρημα
530 987 657 1052 πτῶσιν
682 980 743 1052 οὐκ
767 987 840 1070 ἔχει.
879 987 933 1051 δεῖ
955 982 993 1051 δὲ
1019 984 1056 1051 έν
1077 983 1169 1077 αὐτῷ

150 1094 338 1178 ἐπιστῆσαι,
368 1092 419 1159 ὅτι
448 1088 468 1177 ἡ
492 1099 557 1159 ΑΒ
581 1088 700 1158 εὐθεῖά
724 1093 792 1158 ἐστι
816 1089 934 1159 διὰτὸ
958 1090 1057 1177 κοινὴ
1084 1092 1168 1179 τομὴ

151 1197 239 1266 εἶναι
262 1209 322 1266 τοῦ
346 1198 525 1284 τέμνοντος
549 1199 709 1266 ἐπιπέδου
733 1196 865 1283 καὶτῆς
889 1198 1087 1284 ἐπιφανείας
1109 1200 1171 1266 τοῦ

98 1319 131 1370 10
149 1306 278 1390 κῶνον,
310 1301 382 1389 ἥτις
413 1301 478 1370 ὑπὸ
508 1299 644 1382 εὐθείας
672 1302 802 1391 ἐγράφη
830 1301 869 1372 τὸ
897 1304 1000 1389 πέρας
1028 1302 1171 1391 ἐχούσης

150 1413 255 1498 μένον
278 1409 362 1497 πρὸς
384 1413 424 1499 τῇ
446 1413 580 1498 κορυφῇ
604 1413 662 1495 τῆς
685 1408 891 1492 ἐπιφανείας.
929 1408 970 1476 οὐ
993 1409 1059 1496 γάρ
1079 1420 1170 1478 πᾶσα

151 1515 330 1603 ἐπιφάνεια
358 1512 423 1582 ὑπὸ
453 1513 613 1582 ἐπιπέδου
639 1516 825 1603 τεμνομένη
854 1517 917 1603 τὴν
945 1517 1054 1603 τομὴν
1081 1529 1174 1586 ποιεῖ

152 1620 303 1706 εὐθεῖαν,
324 1619 405 1689 οὐδὲ
429 1619 530 1701 αὐτὸς
554 1619 571 1689 ὁ
596 1625 715 1708 κῶνος,
740 1627 771 1689 εί
792 1623 836 1710 μὴ
862 1621 917 1691 διὰ
941 1626 999 1709 τῆς
1019 1626 1172 1710 κορυφῆς

153 1733 236 1816 ἔλθῃ
260 1725 298 1794 τὸ
320 1728 443 1813 τέμνον
466 1725 634 1795 ἐπίπεδον.

100 1920 133 1970 15
571 1911 632 1987 Εἰς
655 1907 692 1976 τὸ
719 1906 761 1976 δ’.

212 2034 259 2098 Ac
266 2030 407 2111 πτώσεις
419 2032 544 2100 τούτου
555 2036 617 2100 τοῦ
631 2030 848 2121 θεωρήματος
862 2045 951 2115 τρεῖς
961 2034 1048 2098 είσιν
1060 2028 1171 2117 ῶσπερ

153 2138 209 2205 καὶ
232 2141 294 2206 τοῦ
317 2137 453 2223 πρῶτου
474 2138 530 2206 καὶ
555 2141 722 2225 δευτέρου.

570 2336 631 2410 Εἰς
654 2331 691 2399 τὸ
718 2332 755 2399 ε’.

227 2453 271 2523 Τὸ
295 2457 444 2542 πέμπτον
467 2454 629 2542 θεώρημα
647 2459 774 2524 πτῶσιν
794 2455 855 2524 οὐκ
874 2463 949 2546 ἔχει.
986 2456 1173 2544 ἀρχόμενος

101 2577 135 2626 20
156 2562 193 2629 δέ
225 2566 283 2648 τῆς
310 2559 474 2641 έκθέσεῶς
500 2581 619 2649 φησιν·
652 2562 858 2649 τετμήσθω
889 2560 907 2631 ὁ
935 2575 1062 2644 κῶνος
1090 2562 1172 2632 ε’πι-

154 2670 255 2761 πέδφ
294 2666 359 2735 διᾶ
392 2678 461 2737 τοῦ
496 2667 638 2748 ἄξονος
673 2665 780 2759 ὀρθῷ
814 2667 911 2757 πρὸς
943 2669 1009 2757 τὴν
1042 2669 1173 2755 βάσιν.

154 2774 268 2861 ἐπειδὴ
304 2775 340 2843 δὲ
373 2773 411 2842 ἐν
444 2778 489 2865 τῷ
522 2778 675 2867 σκαληνῷ
707 2774 805 2868 κάνφ
838 2777 921 2844 κατὰ
953 2782 1034 2864 μίαν
1063 2778 1171 2863 μόνον

154 2883 254 2949 θέσιν
282 2879 319 2947 τὸ
349 2882 405 2948 διὰ
433 2884 496 2948 τοῦ
523 2879 643 2960 ἄξονος
670 2886 836 2968 τρίγωνον
860 2878 970 2971 ὀρθόν
995 2881 1064 2950 ἐστι
1087 2883 1172 2971 πρὸς

155 2986 216 3073 τὴν
240 2985 357 3072 βάσιν,
380 2997 481 3054 τοῦτο
500 2986 685 3073 ποιήσομεν
710 2988 828 3068 οὕτως·
854 2989 1015 3074 λαβόντες
1037 2988 1075 3057 τὸ
1099 2991 1174 3058 κέν-

102 3104 136 3154 κσ
155 3116 237 3178 τρον
261 3096 320 3177 τῆς
343 3091 472 3177 βάσεως
495 3089 729 3181 άναστήσομεν
752 3092 809 3163 ἄπ’
838 3095 944 3163 αὐτοῦ
962 3099 1008 3187 τῷ
1026 3093 1172 3189 ἐπιπέδῳ

155 3202 214 3285 τῆς
237 3198 367 3284 βάσεως
389 3197 473 3286 πρὸς
496 3198 606 3286 ὀρθάς
627 3201 683 3268 καὶ
705 3198 750 3269 δι’
777 3200 880 3288 αὐτῆς
898 3202 1033 3269 καὶτοῦ
1052 3202 1175 3283 ἄξονος

155 3301 371 3391 ἐκβάλλοντες
394 3302 553 3373 ἐπίπεδον
573 3308 690 3394 ἄξομεν
708 3308 745 3375 τὸ
767 3306 982 3394 ζητούμενον·
1007 3310 1173 3377 δέδεικται

230 3470 252 3520 7.
279 3466 339 3536 δεῖ]
364 3482 378 3519 e
397 3481 467 3521 corr.
487 3484 514 3535 p.
606 3467 674 3522 Post
697 3464 729 3521 δέ
753 3466 806 3522 dol.
831 3463 848 3536 ἡ
868 3471 918 3522 AB
938 3464 1042 3524 εᾶθεῑά
1063 3463 1123 3522 ἐστι
1145 3486 1171 3537 p.

193 3543 217 3592 8.
248 3534 322 3592 ἐστιν
345 3537 388 3591 W.
483 3545 523 3592 17.
552 3539 605 3591 καί
620 3538 696 3610 (pr.)]
725 3535 758 3592 αί
777 3557 804 3608 p.
897 3544 938 3594 18.
968 3538 1019 3602 Εἰς
1042 3535 1087 3610 τό]
1115 3557 1172 3609 mg.

544 3820 573 3852 A
669 3838 682 3851 ι
