2444 3892
413 148 626 202 oomoonuu
643 152 753 202 nunna
770 152 817 204 1v.
1074 148 1118 213 39

175 314 251 357 nam
275 293 303 357 si
325 292 395 357 ficri
417 295 541 377 potest,
565 293 639 358 coni
663 293 761 358 sectio
785 297 926 359 ΔΑΒΓ
943 315 1017 361 cum
1042 316 1120 360 arcu

105 398 219 465 circuli
238 401 375 464 EABF
388 402 568 482 concurrat,
590 419 764 483 eorumque
783 401 961 467 communis
979 401 1024 467 sit
1040 423 1118 486 pars

106 504 219 569 eadem
242 508 354 590 ΑΒΓ,
381 526 448 570 non
475 527 660 572 communes
689 508 797 571 autem
820 511 903 591 ΛΔ,
921 511 1001 592 ΑΕ,
1028 511 1061 573 ct
1083 508 1119 573 in

580 614 621 677 iis
636 616 784 677 sumatur
795 616 951 696 punctum
966 616 1003 698 Θ,
1022 613 1118 679 duca·

581 721 696 802 turque
716 722 790 801 oA,
813 739 872 801 per
890 723 1047 801 punctum
1064 742 1118 785 au·

581 827 648 888 tem
677 821 843 908 quodlibet
866 826 899 886 Β
922 827 1027 889 rectae
1053 830 1118 890 ΑΘ

582 929 737 1012 parallela
768 928 904 993 ducatur
935 932 1049 1014 ΔΕΓ,
1086 935 1118 995 et

582 1039 652 1099 Ao
687 1035 720 1098 in
752 1037 791 1097 H
823 1034 858 1097 in
894 1034 973 1099 duas
1007 1038 1117 1119 partes

582 1140 732 1224 aequales
743 1143 876 1222 secetur,
890 1162 950 1224 per
959 1144 998 1204 H
1008 1143 1118 1205 autem

581 1247 757 1311 diametrus
772 1246 908 1311 ducatur
922 1251 992 1311 ΒΗ
997 1251 1033 1310 Ζ.
1057 1247 1119 1311 ita-

581 1373 641 1437 que
669 1355 757 1418 recta
778 1373 838 1436 per
860 1357 889 1416 Β
917 1356 1023 1418 rectae
1052 1356 1119 1417 Ao

579 1458 735 1543 parallela
792 1459 889 1524 ducta
945 1463 1117 1544 utramque

581 1563 756 1630 sectionem
787 1566 953 1651 continget
983 1565 1117 1650 [1‚32]‚

581 1673 612 1735 et
631 1673 739 1735 rectae
755 1674 860 1736 ΔΕΓ
873 1672 1033 1755 parallelo
1052 1673 1116 1737 erit

580 1775 686 1858 [Eucl.
699 1776 724 1856 Ι,
739 1777 806 1857 30],
824 1778 947 1863 eritque
965 1779 1000 1842 in
1014 1780 1117 1844 altera

101 1881 245 1946 sectione
267 1887 301 1946 Δ
306 1885 334 1944 Ζ
348 1913 390 1935 =
405 1886 475 1966 ΖΓ,
496 1883 532 1948 in
555 1883 659 1948 altera
681 1885 745 1945 ΕΖ
759 1911 801 1934 =
817 1885 883 1946 ΖΓ
901 1883 940 1966 [L
958 1885 1117 1965 aro-47}

100 2009 201 2072 quare
226 1989 322 2053 etiam
346 1995 380 2054 Δ
386 1993 413 2053 Ζ
428 2020 469 2042 ==
486 1993 561 2072 ΖΒ,
587 1987 673 2072 quod
695 1987 767 2050 fieri
789 2008 855 2051 non
878 1992 994 2072 potest.

557 2180 662 2247 XXV.

169 2304 250 2372 Ocni
279 2307 380 2372 sectio
409 2305 482 2370 coni
507 2306 683 2371 sectionem
706 2306 759 2369 uel
782 2325 892 2368 arcum
915 2304 1025 2370 circuli
1048 2328 1116 2372 non

102 2417 191 2477 secat
212 2413 248 2477 in
270 2412 419 2498 pluribus
442 2413 570 2495 punctis
594 2434 691 2496 quam
716 2413 877 2496 quattuor.

168 2540 245 2583 nam
269 2519 298 2583 si
320 2518 392 2583 fieri
410 2521 527 2603 potest,
549 2517 584 2582 in
602 2518 743 2603 quinque
763 2520 849 2582 secet
867 2522 907 2601 A,
920 2522 957 2602 Β,
971 2521 1007 2603 Γ,
1021 2524 1063 2602 Δ,
1076 2522 1116 2603 Ε,

100 2628 135 2689 et
160 2629 281 2709 puncta
309 2645 482 2690 concursus
506 2629 552 2710 A,
565 2628 608 2709 Β,
622 2626 664 2709 Γ,
679 2628 726 2707 Δ,
742 2627 774 2687 Ε
795 2623 945 2708 deinceps
970 2623 1038 2687 sint
1060 2646 1116 2707 pc-

101 2729 165 2795 sita
201 2731 326 2794 nullum
363 2730 448 2794 inter
481 2753 514 2795 se
546 2729 855 2815 praetermittentis,
891 2732 925 2793 et
957 2728 1116 2793 ducantur

101 2839 182 2919 ΑΒ,
204 2837 268 2900 ΓΔ
293 2836 588 2922 producanturque3
623 2859 679 2902 eae
706 2837 809 2922 igitur
835 2837 870 2900 in
897 2835 1055 2917 parabola
1083 2840 1116 2899 et

100 2941 281 3025 hyperbole
301 2945 392 3006 extra
406 2944 564 3009 sectiones
580 2946 772 3009 concurrent
787 2941 843 3026 [ΙΙ,
857 2940 1014 3022 24-25].
1043 2961 1115 3005 con·
1144 2936 1148 2942 ’

99 3051 235 3114 currant
256 3049 290 3111 in
314 3052 358 3132 Λ,
382 3049 487 3133 sitque
510 3054 578 3114 ΑΛ
592 3074 600 3115 :
614 3054 679 3114 AB
695 3081 737 3102 =
752 3052 840 3114 AO:
857 3051 918 3112 OB
942 3052 976 3113 et

396 3159 464 3218 ΔΛ
478 3179 485 3220 :
500 3159 620 3220 AP=
636 3161 715 3221 ΛΠ
725 3175 732 3212 :
746 3158 821 3220 ΠΓ.

99 3260 211 3345 itaque
244 3262 333 3325 recta
366 3282 386 3324 a
412 3266 451 3325 Π
480 3261 520 3326 ad
550 3264 578 3324 Ο
605 3262 700 3328 ducta
727 3262 762 3326 in
789 3265 960 3345 utramque
987 3263 1115 3346 partem

99 3365 259 3449 producta
286 3387 358 3431 cum
382 3368 523 3434 sectione
548 3373 729 3452 concurret,
757 3372 789 3433 et
811 3372 917 3434 rectae
942 3390 961 3432 a
983 3369 1114 3454 punctis

99 3492 275 3537 concursus
291 3472 331 3537 ad
350 3477 381 3538 A
400 3474 513 3541 ductae
533 3475 691 3541 sectiones
711 3474 902 3558 contingent
921 3477 1025 3560 [prop.
1040 3474 1112 3556 IX].
