<?xml version="1.0" encoding="UTF-8"?>
<!DOCTYPE html PUBLIC "-//W3C//DTD XHTML 1.0 Transitional//EN"
    "http://www.w3.org/TR/xhtml1/DTD/xhtml1-transitional.dtd">
<html xmlns="http://www.w3.org/1999/xhtml" xml:lang="en" lang="en">
 <head>
  <title>
</title>
<meta http-equiv="Content-Type" content="text/html;charset=utf-8" />
  <meta name='ocr-system' content='tesseract 3.04.00' />
  <meta name='ocr-capabilities' content='ocr_page ocr_carea ocr_par ocr_line ocrx_word'/>
</head>
<body>
  <div class='ocr_page' id='page_1' title='image "./apolloniipergae01apolgoog_0222.png"; bbox 0 0 2444 3892; ppageno 0'>
   <div class='ocr_carea' id='block_1_1' title="bbox 142 158 761 221">
    <p class='ocr_par' dir='ltr' id='par_1_1' title="bbox 142 158 761 221">
     <span class='ocr_line' id='line_1_1' title="bbox 142 158 761 221; baseline -0.01 0"><span class='ocrx_word' id='word_1_1' title='bbox 142 158 205 221; x_wconf 88' lang='lat'><strong><em>136</em></strong></span> <span class='ocrx_word' id='word_1_2' title='bbox 533 160 761 215; x_wconf 70' lang='lat' dir='ltr'><strong>FRAGMENTA.</strong></span> 
     </span>
    </p>
   </div>
   <div class='ocr_carea' id='block_1_2' title="bbox 139 297 1163 492">
    <p class='ocr_par' dir='ltr' id='par_1_2' title="bbox 139 297 1163 492">
     <span class='ocr_line' id='line_1_2' title="bbox 141 297 1163 390; baseline 0.009 -24"><span class='ocrx_word' id='word_1_3' title='bbox 141 298 358 386; x_wconf 77' lang='grc' dir='ltr'><strong><em>δεικνύουσα,</em></strong></span> <span class='ocrx_word' id='word_1_4' title='bbox 387 297 438 368; x_wconf 85' lang='grc' dir='ltr'><strong><em>ὅτι</em></strong></span> <span class='ocrx_word' id='word_1_5' title='bbox 463 305 539 388; x_wconf 78' lang='grc' dir='ltr'><strong><em>δίχα</em></strong></span> <span class='ocrx_word' id='word_1_6' title='bbox 561 302 730 388; x_wconf 77' lang='grc' dir='ltr'><strong><em>τέτμηται,</em></strong></span> <span class='ocrx_word' id='word_1_7' title='bbox 758 300 817 369; x_wconf 79' lang='grc' dir='ltr'><strong><em>διὰ</em></strong></span> <span class='ocrx_word' id='word_1_8' title='bbox 844 300 904 389; x_wconf 79' lang='grc' dir='ltr'><strong><em>τὴν</em></strong></span> <span class='ocrx_word' id='word_1_9' title='bbox 929 304 1066 390; x_wconf 83' lang='grc' dir='ltr'><strong><em>ἰσότητα</em></strong></span> <span class='ocrx_word' id='word_1_10' title='bbox 1090 311 1163 376; x_wconf 74' lang='grc' dir='ltr'><strong><em>τῶν</em></strong></span> 
     </span>
     <span class='ocr_line' id='line_1_3' title="bbox 139 409 280 492; baseline 0.021 -21"><span class='ocrx_word' id='word_1_11' title='bbox 139 409 280 492; x_wconf 80' lang='grc' dir='ltr'><strong><em>βάσεων.</em></strong></span> 
     </span>
    </p>
   </div>
   <div class='ocr_carea' id='block_1_3' title="bbox 89 533 1166 2228">
    <p class='ocr_par' dir='ltr' id='par_1_3' title="bbox 89 533 1166 2228">
     <span class='ocr_line' id='line_1_4' title="bbox 209 533 870 621; baseline 0.006 -24"><span class='ocrx_word' id='word_1_12' title='bbox 209 533 263 598; x_wconf 84' lang='grc'><strong><em>56.</em></strong></span> <span class='ocrx_word' id='word_1_13' title='bbox 294 533 426 598; x_wconf 84' lang='lat' dir='ltr'>Proclus</span> <span class='ocrx_word' id='word_1_14' title='bbox 450 535 485 598; x_wconf 90' lang='lat' dir='ltr'><strong><em>in</em></strong></span> <span class='ocrx_word' id='word_1_15' title='bbox 508 534 611 599; x_wconf 82' lang='lat' dir='ltr'>Elem.</span> <span class='ocrx_word' id='word_1_16' title='bbox 635 558 667 620; x_wconf 89' lang='lat' dir='ltr'><strong><em>p.</em></strong></span> <span class='ocrx_word' id='word_1_17' title='bbox 685 537 760 621; x_wconf 81' lang='grc'>282,</span> <span class='ocrx_word' id='word_1_18' title='bbox 780 537 870 621; x_wconf 89' lang='lat' dir='ltr'><strong>8sq.:</strong></span> 
     </span>
     <span class='ocr_line' id='line_1_5' title="bbox 205 633 1163 730; baseline 0.01 -27"><span class='ocrx_word' id='word_1_19' title='bbox 205 633 427 716; x_wconf 79' lang='grc' dir='ltr'><strong><em>Ἀπολλαίνιος</em></strong></span> <span class='ocrx_word' id='word_1_20' title='bbox 454 636 491 705; x_wconf 76' lang='grc' dir='ltr'><strong><em>δὲ</em></strong></span> <span class='ocrx_word' id='word_1_21' title='bbox 521 637 582 724; x_wconf 83' lang='grc' dir='ltr'><strong><em>τὴν</em></strong></span> <span class='ocrx_word' id='word_1_22' title='bbox 610 637 695 726; x_wconf 81' lang='grc' dir='ltr'><strong><em>πρὸς</em></strong></span> <span class='ocrx_word' id='word_1_23' title='bbox 718 636 825 728; x_wconf 74' lang='grc' dir='ltr'><strong><em>ὀρθὰς</em></strong></span> <span class='ocrx_word' id='word_1_24' title='bbox 848 639 923 726; x_wconf 77' lang='grc' dir='ltr'><strong><em>ἄγει</em></strong></span> <span class='ocrx_word' id='word_1_25' title='bbox 946 641 1005 710; x_wconf 86' lang='grc' dir='ltr'><strong><em>τὸν</em></strong></span> <span class='ocrx_word' id='word_1_26' title='bbox 1028 642 1163 730; x_wconf 81' lang='grc' dir='ltr'><strong><em>τρόπον</em></strong></span> 
     </span>
     <span class='ocr_line' id='line_1_6' title="bbox 105 745 275 810; baseline 0.029 -5"><span class='ocrx_word' id='word_1_27' title='bbox 105 745 275 810; x_wconf 76' lang='grc' dir='ltr'><strong><em>οτοῦτον·</em></strong></span> 
     </span>
     <span class='ocr_line' id='line_1_7' title="bbox 209 851 1162 943; baseline 0.005 -25"><span class='ocrx_word' id='word_1_28' title='bbox 209 851 261 918; x_wconf 76' lang='grc' dir='ltr'><strong><em>ἐπὶ</em></strong></span> <span class='ocrx_word' id='word_1_29' title='bbox 289 855 348 937; x_wconf 81' lang='grc' dir='ltr'><strong><em>τῆς</em></strong></span> <span class='ocrx_word' id='word_1_30' title='bbox 377 858 444 919; x_wconf 86' lang='grc' dir='ltr'><strong><em>ΑΓ</em></strong></span> <span class='ocrx_word' id='word_1_31' title='bbox 467 851 569 938; x_wconf 87' lang='grc' dir='ltr'><strong><em>τυχὸν</em></strong></span> <span class='ocrx_word' id='word_1_32' title='bbox 600 852 638 921; x_wconf 88' lang='grc' dir='ltr'><strong><em>τὸ</em></strong></span> <span class='ocrx_word' id='word_1_33' title='bbox 664 862 713 938; x_wconf 86' lang='grc' dir='ltr'><strong><em>Δ,</em></strong></span> <span class='ocrx_word' id='word_1_34' title='bbox 744 852 799 920; x_wconf 79' lang='grc' dir='ltr'><strong><em>καὶ</em></strong></span> <span class='ocrx_word' id='word_1_35' title='bbox 828 852 894 922; x_wconf 83' lang='grc' dir='ltr'><strong><em>ἀπὸ</em></strong></span> <span class='ocrx_word' id='word_1_36' title='bbox 923 858 981 940; x_wconf 77' lang='grc' dir='ltr'><strong><em>τῆς</em></strong></span> <span class='ocrx_word' id='word_1_37' title='bbox 1009 861 1073 922; x_wconf 90' lang='grc' dir='ltr'><strong><em>ΓΒ</em></strong></span> <span class='ocrx_word' id='word_1_38' title='bbox 1102 863 1162 943; x_wconf 80' lang='grc' dir='ltr'><strong><em>ἴση</em></strong></span> 
     </span>
     <span class='ocr_line' id='line_1_8' title="bbox 140 953 1163 1053; baseline 0.008 -31"><span class='ocrx_word' id='word_1_39' title='bbox 140 959 180 1044; x_wconf 80' lang='grc' dir='ltr'><strong><em>τῇ</em></strong></span> <span class='ocrx_word' id='word_1_40' title='bbox 205 963 267 1023; x_wconf 87' lang='grc' dir='ltr'><strong><em>ΓΛ</em></strong></span> <span class='ocrx_word' id='word_1_41' title='bbox 288 953 309 1042; x_wconf 78' lang='grc' dir='ltr'><strong><em>η</em></strong></span> <span class='ocrx_word' id='word_1_42' title='bbox 334 962 412 1041; x_wconf 85' lang='grc' dir='ltr'><strong><em>ΓΕ,</em></strong></span> <span class='ocrx_word' id='word_1_43' title='bbox 435 957 491 1024; x_wconf 79' lang='grc' dir='ltr'><strong><em>καὶ</em></strong></span> <span class='ocrx_word' id='word_1_44' title='bbox 513 961 639 1050; x_wconf 82' lang='grc' dir='ltr'><strong><em>κέντρῳ</em></strong></span> <span class='ocrx_word' id='word_1_45' title='bbox 662 963 708 1050; x_wconf 78' lang='grc' dir='ltr'><strong><em>τῷ</em></strong></span> <span class='ocrx_word' id='word_1_46' title='bbox 733 969 776 1047; x_wconf 90' lang='grc' dir='ltr'><strong><em>Δ,</em></strong></span> <span class='ocrx_word' id='word_1_47' title='bbox 799 965 845 1053; x_wconf 75' lang='grc' dir='ltr'><strong><em>τῷ</em></strong></span> <span class='ocrx_word' id='word_1_48' title='bbox 870 961 907 1029; x_wconf 73' lang='grc' dir='ltr'><strong><em>δὲ</em></strong></span> <span class='ocrx_word' id='word_1_49' title='bbox 929 968 999 1028; x_wconf 78' lang='grc' dir='ltr'><strong><em>ΕΛ</em></strong></span> <span class='ocrx_word' id='word_1_50' title='bbox 1022 963 1163 1050; x_wconf 76' lang='grc' dir='ltr'><strong><em>διαστή-</em></strong></span> 
     </span>
     <span class='ocr_line' id='line_1_9' title="bbox 141 1063 516 1151; baseline 0.003 -23"><span class='ocrx_word' id='word_1_51' title='bbox 141 1087 218 1149; x_wconf 88' lang='grc' dir='ltr'><strong><em>ματι</em></strong></span> <span class='ocrx_word' id='word_1_52' title='bbox 248 1063 431 1151; x_wconf 78' lang='grc' dir='ltr'><strong><em>γεγράφθω</em></strong></span> <span class='ocrx_word' id='word_1_53' title='bbox 461 1065 516 1130; x_wconf 86' lang='grc' dir='ltr'><strong><em>κύ·</em></strong></span> 
     </span>
     <span class='ocr_line' id='line_1_10' title="bbox 140 1168 518 1253; baseline 0.003 -18"><span class='ocrx_word' id='word_1_54' title='bbox 140 1175 229 1253; x_wconf 79' lang='grc' dir='ltr'><strong><em>κλος,</em></strong></span> <span class='ocrx_word' id='word_1_55' title='bbox 252 1169 307 1235; x_wconf 76' lang='grc' dir='ltr'><strong><em>καὶ</em></strong></span> <span class='ocrx_word' id='word_1_56' title='bbox 326 1168 427 1245; x_wconf 81' lang='grc' dir='ltr'><strong><em>πάλιν</em></strong></span> <span class='ocrx_word' id='word_1_57' title='bbox 444 1169 518 1236; x_wconf 81' lang='grc' dir='ltr'><strong><em>κίν-</em></strong></span> 
     </span>
     <span class='ocr_line' id='line_1_11' title="bbox 90 1274 520 1366; baseline 0.014 -30"><span class='ocrx_word' id='word_1_58' title='bbox 90 1288 123 1337; x_wconf 88' lang='grc'><strong><em>10</em></strong></span> <span class='ocrx_word' id='word_1_59' title='bbox 142 1301 209 1365; x_wconf 89' lang='grc' dir='ltr'><strong><em>τρῳ</em></strong></span> <span class='ocrx_word' id='word_1_60' title='bbox 219 1279 311 1366; x_wconf 75' lang='grc' dir='ltr'><strong><em>τῳΕ,</em></strong></span> <span class='ocrx_word' id='word_1_61' title='bbox 324 1274 520 1361; x_wconf 81' lang='grc' dir='ltr'><strong><em>διαστήματι</em></strong></span> 
     </span>
     <span class='ocr_line' id='line_1_12' title="bbox 144 1378 583 1470; baseline 0.007 -24"><span class='ocrx_word' id='word_1_62' title='bbox 144 1378 181 1447; x_wconf 73' lang='grc' dir='ltr'><strong><em>δὲ</em></strong></span> <span class='ocrx_word' id='word_1_63' title='bbox 216 1384 262 1470; x_wconf 79' lang='grc' dir='ltr'><strong><em>τῷ</em></strong></span> <span class='ocrx_word' id='word_1_64' title='bbox 296 1387 367 1447; x_wconf 85' lang='grc' dir='ltr'><strong><em>ΛΕ</em></strong></span> <span class='ocrx_word' id='word_1_65' title='bbox 400 1380 521 1461; x_wconf 82' lang='grc' dir='ltr'><strong><em>κύκλος</em></strong></span> <span class='ocrx_word' id='word_1_66' title='bbox 556 1421 583 1470; x_wconf 68' lang='grc' dir='ltr'><em>Α</em></span> 
     </span>
     <span class='ocr_line' id='line_1_13' title="bbox 142 1485 519 1572; baseline 0.008 -21"><span class='ocrx_word' id='word_1_67' title='bbox 142 1485 343 1572; x_wconf 73' lang='grc' dir='ltr'><em>γεγράφθω,</em></span> <span class='ocrx_word' id='word_1_68' title='bbox 375 1486 431 1553; x_wconf 81' lang='grc' dir='ltr'><strong><em>καὶ</em></strong></span> <span class='ocrx_word' id='word_1_69' title='bbox 455 1485 519 1555; x_wconf 86' lang='grc' dir='ltr'><strong><em>ἀπὸ</em></strong></span> 
     </span>
     <span class='ocr_line' id='line_1_14' title="bbox 141 1587 1163 1679; baseline 0.003 -23"><span class='ocrx_word' id='word_1_70' title='bbox 141 1597 240 1657; x_wconf 84' lang='grc' dir='ltr'><strong><em>τοῦΖ</em></strong></span> <span class='ocrx_word' id='word_1_71' title='bbox 254 1591 307 1658; x_wconf 79' lang='grc' dir='ltr'><strong><em>ἐπὶ</em></strong></span> <span class='ocrx_word' id='word_1_72' title='bbox 321 1590 359 1658; x_wconf 91' lang='grc' dir='ltr'><strong><em>τὸ</em></strong></span> <span class='ocrx_word' id='word_1_73' title='bbox 369 1598 401 1659; x_wconf 92' lang='grc' dir='ltr'><strong>Γ</strong></span> <span class='ocrx_word' id='word_1_74' title='bbox 411 1591 516 1679; x_wconf 74' lang='grc' dir='ltr'><strong><em>ἤχθω.</em></strong></span> <span class='ocrx_word' id='word_1_75' title='bbox 540 1594 635 1678; x_wconf 81' lang='grc' dir='ltr'><strong><em>λέγω,</em></strong></span> <span class='ocrx_word' id='word_1_76' title='bbox 652 1589 702 1658; x_wconf 81' lang='grc' dir='ltr'><strong><em>ὅτι</em></strong></span> <span class='ocrx_word' id='word_1_77' title='bbox 717 1588 800 1677; x_wconf 78' lang='grc' dir='ltr'><strong><em>αὕτη</em></strong></span> <span class='ocrx_word' id='word_1_78' title='bbox 812 1591 903 1658; x_wconf 81' lang='grc' dir='ltr'><strong><em>ἐστὶν</em></strong></span> <span class='ocrx_word' id='word_1_79' title='bbox 917 1587 1031 1678; x_wconf 78' lang='grc' dir='ltr'><strong><em>ἡπρὸς</em></strong></span> <span class='ocrx_word' id='word_1_80' title='bbox 1041 1589 1163 1679; x_wconf 73' lang='grc' dir='ltr'><strong><em>ὀρθάς.</em></strong></span> 
     </span>
     <span class='ocr_line' id='line_1_15' title="bbox 210 1694 1162 1785; baseline 0.002 -22"><span class='ocrx_word' id='word_1_81' title='bbox 210 1694 269 1763; x_wconf 82' lang='grc' dir='ltr'><strong><em>ἐὰν</em></strong></span> <span class='ocrx_word' id='word_1_82' title='bbox 292 1694 356 1784; x_wconf 80' lang='grc' dir='ltr'><strong><em>γὰρ</em></strong></span> <span class='ocrx_word' id='word_1_83' title='bbox 385 1699 625 1785; x_wconf 73' lang='grc' dir='ltr'><strong><em>ἐπιζευχθῶσιν</em></strong></span> <span class='ocrx_word' id='word_1_84' title='bbox 655 1701 691 1764; x_wconf 86' lang='grc' dir='ltr'><strong><em>αί</em></strong></span> <span class='ocrx_word' id='word_1_85' title='bbox 713 1704 790 1781; x_wconf 87' lang='grc' dir='ltr'><strong><em>ΖΛ,</em></strong></span> <span class='ocrx_word' id='word_1_86' title='bbox 810 1703 887 1782; x_wconf 85' lang='grc' dir='ltr'><strong><em>ΖΕ,</em></strong></span> <span class='ocrx_word' id='word_1_87' title='bbox 917 1705 986 1763; x_wconf 80' lang='grc' dir='ltr'><strong><em>λ’σαι</em></strong></span> <span class='ocrx_word' id='word_1_88' title='bbox 1015 1700 1162 1765; x_wconf 77' lang='grc' dir='ltr'><strong><em>ἔσονται.</em></strong></span> 
     </span>
     <span class='ocr_line' id='line_1_16' title="bbox 89 1800 1166 1890; baseline 0.003 -25"><span class='ocrx_word' id='word_1_89' title='bbox 89 1817 123 1866; x_wconf 83' lang='lat'><strong><em>15</em></strong></span> <span class='ocrx_word' id='word_1_90' title='bbox 143 1811 212 1870; x_wconf 83' lang='grc' dir='ltr'><strong><em>ίσαι</em></strong></span> <span class='ocrx_word' id='word_1_91' title='bbox 232 1802 341 1870; x_wconf 75' lang='grc' dir='ltr'><strong><em>δὲκαὶ</em></strong></span> <span class='ocrx_word' id='word_1_92' title='bbox 367 1807 404 1870; x_wconf 87' lang='grc' dir='ltr'><strong><em>αί</em></strong></span> <span class='ocrx_word' id='word_1_93' title='bbox 421 1811 495 1888; x_wconf 85' lang='grc' dir='ltr'><strong><em>ΛΓ,</em></strong></span> <span class='ocrx_word' id='word_1_94' title='bbox 510 1812 582 1890; x_wconf 86' lang='grc' dir='ltr'><strong><em>ΓΕ,</em></strong></span> <span class='ocrx_word' id='word_1_95' title='bbox 605 1805 660 1872; x_wconf 82' lang='grc' dir='ltr'><strong><em>καὶ</em></strong></span> <span class='ocrx_word' id='word_1_96' title='bbox 678 1805 775 1890; x_wconf 81' lang='grc' dir='ltr'><strong><em>κοινὴ</em></strong></span> <span class='ocrx_word' id='word_1_97' title='bbox 798 1800 819 1890; x_wconf 79' lang='grc' dir='ltr'><em>ἡ</em></span> <span class='ocrx_word' id='word_1_98' title='bbox 840 1808 918 1870; x_wconf 89' lang='grc' dir='ltr'><strong><em>ΖΓ·</em></strong></span> <span class='ocrx_word' id='word_1_99' title='bbox 943 1800 1026 1869; x_wconf 79' lang='grc' dir='ltr'><strong><em>ὥστε</em></strong></span> <span class='ocrx_word' id='word_1_100' title='bbox 1048 1803 1106 1869; x_wconf 79' lang='grc' dir='ltr'><strong><em>καὶ</em></strong></span> <span class='ocrx_word' id='word_1_101' title='bbox 1126 1805 1166 1870; x_wconf 85' lang='grc' dir='ltr'><strong><em>αί</em></strong></span> 
     </span>
     <span class='ocr_line' id='line_1_17' title="bbox 142 1905 1161 2003; baseline -0.002 -27"><span class='ocrx_word' id='word_1_102' title='bbox 142 1906 225 1996; x_wconf 80' lang='grc' dir='ltr'><strong><em>πρὸς</em></strong></span> <span class='ocrx_word' id='word_1_103' title='bbox 239 1920 285 2003; x_wconf 82' lang='grc' dir='ltr'><strong><em>τῳ</em></strong></span> <span class='ocrx_word' id='word_1_104' title='bbox 301 1915 333 1977; x_wconf 89' lang='grc' dir='ltr'>Γ</span> <span class='ocrx_word' id='word_1_105' title='bbox 346 1917 466 1996; x_wconf 85' lang='grc' dir='ltr'><strong><em>γωνίαι</em></strong></span> <span class='ocrx_word' id='word_1_106' title='bbox 486 1922 556 1980; x_wconf 85' lang='grc' dir='ltr'><strong><em>ίσαι</em></strong></span> <span class='ocrx_word' id='word_1_107' title='bbox 573 1910 628 1980; x_wconf 72' lang='grc' dir='ltr'><strong><em>διὰ</em></strong></span> <span class='ocrx_word' id='word_1_108' title='bbox 644 1911 681 1980; x_wconf 85' lang='grc' dir='ltr'><strong><em>τὸ</em></strong></span> <span class='ocrx_word' id='word_1_109' title='bbox 698 1910 831 1996; x_wconf 77' lang='grc' dir='ltr'><strong><em>ὄγδοον.</em></strong></span> <span class='ocrx_word' id='word_1_110' title='bbox 861 1907 963 1998; x_wconf 77' lang='grc' dir='ltr'><strong><em>ὀρθαὶ</em></strong></span> <span class='ocrx_word' id='word_1_111' title='bbox 982 1905 1048 1993; x_wconf 71' lang='grc' dir='ltr'><strong><em>ἄρα</em></strong></span> <span class='ocrx_word' id='word_1_112' title='bbox 1063 1912 1161 1976; x_wconf 84' lang='grc' dir='ltr'><strong><em>εἰσίν.</em></strong></span> 
     </span>
     <span class='ocr_line' id='line_1_18' title="bbox 210 2035 888 2125; baseline -0.003 -23"><span class='ocrx_word' id='word_1_113' title='bbox 210 2035 263 2102; x_wconf 80' lang='grc'><strong><em>57.</em></strong></span> <span class='ocrx_word' id='word_1_114' title='bbox 291 2035 426 2104; x_wconf 84' lang='lat' dir='ltr'>Proclus</span> <span class='ocrx_word' id='word_1_115' title='bbox 449 2040 483 2104; x_wconf 90' lang='lat' dir='ltr'><strong><em>in</em></strong></span> <span class='ocrx_word' id='word_1_116' title='bbox 505 2041 609 2107; x_wconf 82' lang='lat' dir='ltr'><strong>Elem.</strong></span> <span class='ocrx_word' id='word_1_117' title='bbox 631 2064 661 2125; x_wconf 92' lang='lat' dir='ltr'><strong><em>p.</em></strong></span> <span class='ocrx_word' id='word_1_118' title='bbox 682 2038 756 2124; x_wconf 81' lang='lat'><strong>335,</strong></span> <span class='ocrx_word' id='word_1_119' title='bbox 777 2037 888 2122; x_wconf 75' lang='lat' dir='ltr'><strong>lsssq.:</strong></span> 
     </span>
     <span class='ocr_line' id='line_1_19' title="bbox 214 2141 661 2228; baseline 0.004 -21"><span class='ocrx_word' id='word_1_120' title='bbox 214 2141 284 2228; x_wconf 79' lang='grc' dir='ltr'><strong><em>Τὴν</em></strong></span> <span class='ocrx_word' id='word_1_121' title='bbox 302 2143 339 2210; x_wconf 71' lang='grc' dir='ltr'><strong><em>δὲ</em></strong></span> <span class='ocrx_word' id='word_1_122' title='bbox 354 2141 578 2213; x_wconf 79' lang='grc' dir='ltr'><strong><em>Ἀπολλωνίου</em></strong></span> <span class='ocrx_word' id='word_1_123' title='bbox 596 2148 661 2211; x_wconf 77' lang='grc' dir='ltr'><em>δεῖ·</em></span> 
     </span>
    </p>
   </div>
   <div class='ocr_carea' id='block_1_4' title="bbox 90 2219 1120 2564">
    <p class='ocr_par' dir='ltr' id='par_1_4' title="bbox 90 2219 1120 2564">
     <span class='ocr_line' id='line_1_20' title="bbox 144 2219 1082 2546; baseline -0.003 -231"><span class='ocrx_word' id='word_1_124' title='bbox 144 2251 195 2330; x_wconf 83' lang='grc' dir='ltr'><strong><em>ξιν</em></strong></span> <span class='ocrx_word' id='word_1_125' title='bbox 220 2247 282 2321; x_wconf 84' lang='grc' dir='ltr'><strong><em>οὐκ</em></strong></span> <span class='ocrx_word' id='word_1_126' title='bbox 301 2252 503 2336; x_wconf 79' lang='grc' dir='ltr'><strong><em>ἐπαινοῦμεν</em></strong></span> <span class='ocrx_word' id='word_1_127' title='bbox 526 2247 569 2328; x_wconf 82' lang='grc' dir='ltr'><strong><em>ὡς</em></strong></span> <span class='ocrx_word' id='word_1_128' title='bbox 589 2254 661 2316; x_wconf 77' lang='grc' dir='ltr'><strong><em>δεο-</em></strong></span> <span class='ocrx_word' id='word_1_129' title='bbox 949 2219 1082 2546; x_wconf 74' lang='grc'><strong><em>1.</em></strong></span> 
     </span>
     <span class='ocr_line' id='line_1_21' title="bbox 90 2357 660 2446; baseline -0.012 -19"><span class='ocrx_word' id='word_1_130' title='bbox 90 2377 125 2427; x_wconf 80' lang='lat'><strong><em>20</em></strong></span> <span class='ocrx_word' id='word_1_131' title='bbox 144 2357 249 2440; x_wconf 81' lang='grc' dir='ltr'><strong><em>μένην</em></strong></span> <span class='ocrx_word' id='word_1_132' title='bbox 272 2360 341 2423; x_wconf 78' lang='grc' dir='ltr'><strong><em>τῶν</em></strong></span> <span class='ocrx_word' id='word_1_133' title='bbox 360 2358 398 2422; x_wconf 81' lang='grc' dir='ltr'><strong><em>ἐν</em></strong></span> <span class='ocrx_word' id='word_1_134' title='bbox 419 2359 465 2446; x_wconf 77' lang='grc' dir='ltr'><strong><em>τῷ</em></strong></span> <span class='ocrx_word' id='word_1_135' title='bbox 488 2359 587 2444; x_wconf 89' lang='grc' dir='ltr'><strong><em>τρίτῳ</em></strong></span> <span class='ocrx_word' id='word_1_136' title='bbox 611 2360 660 2438; x_wconf 83' lang='grc' dir='ltr'><strong><em>βι-</em></strong></span> 
     </span>
     <span class='ocr_line' id='line_1_22' title="bbox 142 2458 1120 2564; baseline -0.003 -39"><span class='ocrx_word' id='word_1_137' title='bbox 142 2458 661 2548; x_wconf 74' lang='grc' dir='ltr'><strong><em>βλίῳδεικνυμίνωνλαβὼνγὰρ</em></strong></span> <span class='ocrx_word' id='word_1_138' title='bbox 685 2466 709 2516; x_wconf 78' lang='grc' dir='ltr'><em>Δ</em></span> <span class='ocrx_word' id='word_1_139' title='bbox 1091 2511 1120 2564; x_wconf 67' lang='grc' dir='ltr'><em>Ε</em></span> 
     </span>
    </p>
   </div>
   <div class='ocr_carea' id='block_1_5' title="bbox 141 2566 661 2757">
    <p class='ocr_par' dir='ltr' id='par_1_5' title="bbox 141 2566 661 2757">
     <span class='ocr_line' id='line_1_23' title="bbox 143 2566 660 2651; baseline 0 -19"><span class='ocrx_word' id='word_1_140' title='bbox 143 2567 269 2643; x_wconf 73' lang='grc' dir='ltr'><strong><em>ἐκεῖνος</em></strong></span> <span class='ocrx_word' id='word_1_141' title='bbox 278 2571 406 2650; x_wconf 90' lang='grc' dir='ltr'><strong><em>γωνίαν</em></strong></span> <span class='ocrx_word' id='word_1_142' title='bbox 419 2569 588 2651; x_wconf 80' lang='grc' dir='ltr'><strong><em>τυχοῦσαν</em></strong></span> <span class='ocrx_word' id='word_1_143' title='bbox 598 2566 660 2651; x_wconf 79' lang='grc' dir='ltr'><strong><em>τὴν</em></strong></span> 
     </span>
     <span class='ocr_line' id='line_1_24' title="bbox 141 2667 661 2757; baseline 0.004 -21"><span class='ocrx_word' id='word_1_144' title='bbox 141 2667 208 2736; x_wconf 80' lang='grc' dir='ltr'><strong><em>ὑπὸ</em></strong></span> <span class='ocrx_word' id='word_1_145' title='bbox 232 2675 332 2736; x_wconf 83' lang='grc' dir='ltr'><strong><em>ΓΔΕ</em></strong></span> <span class='ocrx_word' id='word_1_146' title='bbox 355 2671 410 2737; x_wconf 83' lang='grc' dir='ltr'><strong><em>καὶ</em></strong></span> <span class='ocrx_word' id='word_1_147' title='bbox 439 2671 578 2737; x_wconf 72' lang='grc' dir='ltr'><strong><em>εὐθεῖαν</em></strong></span> <span class='ocrx_word' id='word_1_148' title='bbox 600 2668 661 2757; x_wconf 79' lang='grc' dir='ltr'><strong><em>τὴν</em></strong></span> 
     </span>
    </p>
   </div>
   <div class='ocr_carea' id='block_1_6' title="bbox 69 2705 1157 3106">
    <p class='ocr_par' dir='ltr' id='par_1_6' title="bbox 69 2705 1157 3106">
     <span class='ocr_line' id='line_1_25' title="bbox 144 2705 1109 2866; baseline -0.013 -25"><span class='ocrx_word' id='word_1_149' title='bbox 144 2782 209 2842; x_wconf 92' lang='grc' dir='ltr'><strong><em>ΑΒ</em></strong></span> <span class='ocrx_word' id='word_1_150' title='bbox 232 2774 358 2865; x_wconf 82' lang='grc' dir='ltr'><strong><em>κέντρῳ</em></strong></span> <span class='ocrx_word' id='word_1_151' title='bbox 381 2780 427 2866; x_wconf 77' lang='grc' dir='ltr'><strong><em>τῷ</em></strong></span> <span class='ocrx_word' id='word_1_152' title='bbox 450 2785 498 2861; x_wconf 86' lang='grc' dir='ltr'><strong><em>Δ,</em></strong></span> <span class='ocrx_word' id='word_1_153' title='bbox 529 2775 662 2863; x_wconf 80' lang='grc' dir='ltr'><strong><em>διαστή-</em></strong></span> <span class='ocrx_word' id='word_1_154' title='bbox 1079 2705 1109 2756; x_wconf 74' lang='lat' dir='ltr'><em>B</em></span> 
     </span>
     <span class='ocr_line' id='line_1_26' title="bbox 69 2760 1125 3079; baseline -0.02 -124"><span class='ocrx_word' id='word_1_155' title='bbox 69 2874 124 2955; x_wconf 48' lang='lat'><strong><em>&#39;25</em></strong></span> <span class='ocrx_word' id='word_1_156' title='bbox 144 2907 221 2969; x_wconf 86' lang='grc' dir='ltr'><strong><em>ματι</em></strong></span> <span class='ocrx_word' id='word_1_157' title='bbox 246 2880 282 2947; x_wconf 71' lang='grc' dir='ltr'><strong><em>δὲ</em></strong></span> <span class='ocrx_word' id='word_1_158' title='bbox 300 2885 346 2972; x_wconf 79' lang='grc' dir='ltr'><strong><em>τῷ</em></strong></span> <span class='ocrx_word' id='word_1_159' title='bbox 365 2886 439 2968; x_wconf 86' lang='grc' dir='ltr'><strong><em>ΓΔ,</em></strong></span> <span class='ocrx_word' id='word_1_160' title='bbox 461 2881 584 2967; x_wconf 80' lang='grc' dir='ltr'><strong><em>γράφει</em></strong></span> <span class='ocrx_word' id='word_1_161' title='bbox 600 2880 662 2969; x_wconf 82' lang='grc' dir='ltr'><strong><em>τὴν</em></strong></span> <span class='ocrx_word' id='word_1_162' title='bbox 900 2760 1125 3079; x_wconf 61' lang='lat'><strong><em>‘⁴</em></strong></span> 
     </span>
     <span class='ocr_line' id='line_1_27' title="bbox 144 2986 1157 3106; baseline -0.014 -50"><span class='ocrx_word' id='word_1_163' title='bbox 144 2994 208 3055; x_wconf 79' lang='grc' dir='ltr'><strong><em>ΓΕ</em></strong></span> <span class='ocrx_word' id='word_1_164' title='bbox 233 2987 447 3075; x_wconf 80' lang='grc' dir='ltr'><strong><em>περιφέρειαν</em></strong></span> <span class='ocrx_word' id='word_1_165' title='bbox 474 2988 530 3055; x_wconf 80' lang='grc' dir='ltr'><strong><em>καὶ</em></strong></span> <span class='ocrx_word' id='word_1_166' title='bbox 554 2986 663 3057; x_wconf 74' lang='grc' dir='ltr'><strong><em>οὖσαν·</em></strong></span> <span class='ocrx_word' id='word_1_167' title='bbox 715 3051 747 3106; x_wconf 72' lang='grc' dir='ltr'><em>Α</em></span> <span class='ocrx_word' id='word_1_168' title='bbox 1134 3049 1157 3094; x_wconf 77' lang='lat'><em>2</em></span> 
     </span>
    </p>
   </div>
   <div class='ocr_carea' id='block_1_7' title="bbox 143 3094 1167 3397">
    <p class='ocr_par' dir='ltr' id='par_1_7' title="bbox 143 3094 1167 3397">
     <span class='ocr_line' id='line_1_28' title="bbox 143 3094 663 3185; baseline 0.002 -23"><span class='ocrx_word' id='word_1_169' title='bbox 143 3122 207 3174; x_wconf 82' lang='grc' dir='ltr'><strong><em>τως</em></strong></span> <span class='ocrx_word' id='word_1_170' title='bbox 233 3094 357 3185; x_wconf 80' lang='grc' dir='ltr'><strong><em>κέντρῳ</em></strong></span> <span class='ocrx_word' id='word_1_171' title='bbox 385 3104 429 3185; x_wconf 77' lang='grc' dir='ltr'><strong><em>τῷ</em></strong></span> <span class='ocrx_word' id='word_1_172' title='bbox 453 3102 500 3179; x_wconf 87' lang='grc' dir='ltr'><strong><em>Α,</em></strong></span> <span class='ocrx_word' id='word_1_173' title='bbox 529 3096 663 3183; x_wconf 80' lang='grc' dir='ltr'><strong><em>διαστη-</em></strong></span> 
     </span>
     <span class='ocr_line' id='line_1_29' title="bbox 144 3201 1167 3294; baseline 0.001 -25"><span class='ocrx_word' id='word_1_174' title='bbox 144 3227 222 3289; x_wconf 86' lang='grc' dir='ltr'><strong><em>ματι</em></strong></span> <span class='ocrx_word' id='word_1_175' title='bbox 256 3201 292 3270; x_wconf 72' lang='grc' dir='ltr'><strong><em>δὲ</em></strong></span> <span class='ocrx_word' id='word_1_176' title='bbox 324 3211 369 3294; x_wconf 78' lang='grc' dir='ltr'><strong><em>τῳ</em></strong></span> <span class='ocrx_word' id='word_1_177' title='bbox 403 3208 473 3268; x_wconf 91' lang='grc' dir='ltr'><strong><em>ΑΒ</em></strong></span> <span class='ocrx_word' id='word_1_178' title='bbox 504 3202 568 3287; x_wconf 80' lang='grc' dir='ltr'><strong><em>τὴν</em></strong></span> <span class='ocrx_word' id='word_1_179' title='bbox 601 3210 683 3291; x_wconf 88' lang='grc' dir='ltr'><strong><em>ΖΒ,</em></strong></span> <span class='ocrx_word' id='word_1_180' title='bbox 719 3205 773 3272; x_wconf 84' lang='grc' dir='ltr'><strong><em>καλ</em></strong></span> <span class='ocrx_word' id='word_1_181' title='bbox 807 3202 985 3289; x_wconf 80' lang='grc' dir='ltr'><strong><em>ἀπολαβὼν</em></strong></span> <span class='ocrx_word' id='word_1_182' title='bbox 1021 3206 1060 3290; x_wconf 75' lang='grc' dir='ltr'><strong><em>τῇ</em></strong></span> <span class='ocrx_word' id='word_1_183' title='bbox 1094 3207 1167 3270; x_wconf 89' lang='grc' dir='ltr'><strong><em>ΓΕ</em></strong></span> 
     </span>
     <span class='ocr_line' id='line_1_30' title="bbox 146 3305 1164 3397; baseline 0.002 -22"><span class='ocrx_word' id='word_1_184' title='bbox 146 3317 224 3396; x_wconf 78' lang='grc' dir='ltr'><strong><em>ἴσην</em></strong></span> <span class='ocrx_word' id='word_1_185' title='bbox 248 3305 309 3394; x_wconf 84' lang='grc' dir='ltr'><strong><em>τὴν</em></strong></span> <span class='ocrx_word' id='word_1_186' title='bbox 330 3315 390 3374; x_wconf 89' lang='grc' dir='ltr'><strong><em>ΖΒ</em></strong></span> <span class='ocrx_word' id='word_1_187' title='bbox 414 3308 623 3393; x_wconf 76' lang='grc' dir='ltr'><strong><em>ἐπιζεύγννσι</em></strong></span> <span class='ocrx_word' id='word_1_188' title='bbox 645 3311 709 3397; x_wconf 80' lang='grc' dir='ltr'><strong><em>τὴν</em></strong></span> <span class='ocrx_word' id='word_1_189' title='bbox 727 3319 759 3379; x_wconf 85' lang='grc' dir='ltr'><em>Α</em></span> <span class='ocrx_word' id='word_1_190' title='bbox 766 3317 793 3377; x_wconf 90' lang='grc' dir='ltr'>Ζ</span> <span class='ocrx_word' id='word_1_191' title='bbox 816 3309 870 3377; x_wconf 82' lang='grc' dir='ltr'><strong><em>καλ</em></strong></span> <span class='ocrx_word' id='word_1_192' title='bbox 895 3309 946 3377; x_wconf 79' lang='grc' dir='ltr'><strong><em>ἐπὶ</em></strong></span> <span class='ocrx_word' id='word_1_193' title='bbox 971 3317 1054 3377; x_wconf 85' lang='grc' dir='ltr'><strong><em>ίσων</em></strong></span> <span class='ocrx_word' id='word_1_194' title='bbox 1073 3333 1164 3396; x_wconf 85' lang='grc' dir='ltr'><strong><em>περι-</em></strong></span> 
     </span>
    </p>
   </div>
   <div class='ocr_carea' id='block_1_8' title="bbox 144 3438 360 3446">
    <p class='ocr_par' dir='ltr' id='par_1_8' title="bbox 144 3438 360 3446">
     <span class='ocr_line' id='line_1_31' title="bbox 144 3438 360 3446; baseline 0 0"><span class='ocrx_word' id='word_1_195' title='bbox 144 3438 360 3446; x_wconf 49' lang='grc' dir='ltr'><strong><em>-ι-ῌ</em></strong></span> 
     </span>
    </p>
   </div>
   <div class='ocr_carea' id='block_1_9' title="bbox 218 3499 1126 3575">
    <p class='ocr_par' dir='ltr' id='par_1_9' title="bbox 218 3499 1126 3575">
     <span class='ocr_line' id='line_1_32' title="bbox 218 3499 1126 3575; baseline 0.006 -20"><span class='ocrx_word' id='word_1_196' title='bbox 218 3507 243 3558; x_wconf 80' lang='lat'><strong><em>2.</em></strong></span> <span class='ocrx_word' id='word_1_197' title='bbox 263 3502 387 3574; x_wconf 75' lang='grc' dir='ltr'><strong><em>βάσεων]</em></strong></span> <span class='ocrx_word' id='word_1_198' title='bbox 406 3504 434 3559; x_wconf 90' lang='lat' dir='ltr'><strong><em>h.</em></strong></span> <span class='ocrx_word' id='word_1_199' title='bbox 450 3520 473 3559; x_wconf 89' lang='lat' dir='ltr'><strong><em>e.</em></strong></span> <span class='ocrx_word' id='word_1_200' title='bbox 492 3507 555 3572; x_wconf 84' lang='grc' dir='ltr'><strong><em>ΑΔ,</em></strong></span> <span class='ocrx_word' id='word_1_201' title='bbox 571 3507 633 3557; x_wconf 91' lang='grc' dir='ltr'><strong><em>ΔΒ.</em></strong></span> <span class='ocrx_word' id='word_1_202' title='bbox 707 3511 748 3562; x_wconf 86' lang='grc'><strong><em>13.</em></strong></span> <span class='ocrx_word' id='word_1_203' title='bbox 768 3499 849 3575; x_wconf 73' lang='grc' dir='ltr'><strong><em>ἤχθω</em></strong></span> <span class='ocrx_word' id='word_1_204' title='bbox 868 3500 886 3574; x_wconf 79' lang='grc' dir='ltr'>ἡ</span> <span class='ocrx_word' id='word_1_205' title='bbox 907 3509 960 3559; x_wconf 91' lang='grc' dir='ltr'><strong><em>ΖΓ</em></strong></span> <span class='ocrx_word' id='word_1_206' title='bbox 974 3503 1126 3560; x_wconf 82' lang='lat' dir='ltr'>Friedlein.</span> 
     </span>
    </p>
   </div>
   <div class='ocr_carea' id='block_1_10' title="bbox 0 0 1227 3892">
    <p class='ocr_par' dir='ltr' id='par_1_10' title="bbox 0 0 1227 3892">
     <span class='ocr_line' id='line_1_33' title="bbox 0 0 1227 3892; baseline 0 0"><span class='ocrx_word' id='word_1_207' title='bbox 0 0 1227 3892; x_wconf 95' lang='lat' dir='ltr'><strong><em> </em></strong></span> 
     </span>
    </p>
   </div>
  </div>
 </body>
</html>
