2444 3892
410 146 624 200 courconun
641 149 750 201 runnu
767 149 815 204 1v.
1071 148 1113 211 41

102 295 273 355 concurrat
300 289 402 373 igitur
429 290 464 353 in
488 293 529 374 Θ,
548 293 586 372 P,
610 288 828 373 ducanturque
856 293 936 374 ΘΛ,
953 295 1030 376 ΛΡ,
1057 313 1115 356 eae

101 395 204 480 igitur
228 396 426 481 contingent.
462 396 573 480 itaque
592 396 658 458 ΕΛ
680 398 849 479 utramque
872 398 1048 463 sectionem
1067 421 1115 464 sc·

817 505 877 587 cat,
896 505 1050 588 quoniam
1067 505 1115 569 in·

815 610 866 672 ter
884 612 922 692 Β,
939 612 971 673 Γ
988 610 1115 675 nullum

817 716 867 776 est
875 718 1030 796 punctum
1039 737 1115 781 con-

818 838 939 882 cursus.
971 825 1057 885 secet
1079 822 1115 885 in

817 925 869 1007 M,
901 927 943 989 H.
1004 925 1116 1008 itaque

816 1033 964 1113 propter·
978 1030 1115 1094 alteram

817 1135 992 1201 sectionem
1012 1140 1074 1200 erit

887 1245 975 1306 EA:
991 1239 1066 1306 ΛΗ

815 1459 947 1539 propter
977 1455 1117 1519 alteram

101 1565 209 1625 autem
233 1564 312 1624 EA:
323 1562 451 1624 AM=
463 1562 536 1623 ΕΝ
545 1563 647 1624 :NM
661 1559 809 1645 [111,37].
845 1560 908 1625 hoc
922 1565 1031 1625 autem
1045 1560 1117 1625 fieri

99 1688 166 1732 non
177 1669 388 1750 potest3ergo
397 1688 437 1731 ne
447 1667 528 1730 illud
539 1666 677 1750 quidem,
687 1667 773 1752 quod
784 1667 825 1731 ab
835 1667 928 1732 initio
938 1667 1115 1750 ponimus.

171 1773 222 1836 sin
236 1777 310 1857 ΑΒ,
326 1776 395 1836 ΔΓ
408 1772 584 1857 parallelae
598 1777 683 1852 sunt,
703 1773 862 1838 sectiones
877 1780 970 1838 erunt
984 1773 1115 1857 ellipses

102 1878 156 1942 uel
186 1878 289 1943 altera
318 1899 411 1942 arcus
439 1878 558 1943 circuli.
605 1880 753 1941 secentur
777 1881 856 1960 ΑΒ,
874 1881 936 1941 ΓΔ
960 1879 996 1941 in
1021 1881 1061 1962 0,
1080 1883 1119 1941 Π

793 1982 827 2044 in
868 1982 961 2045 binas
1007 1987 1116 2064 partes

794 2086 955 2170 aequales,
969 2086 1118 2151 ducatur·

689 2181 696 2195 ’
794 2213 856 2277 que
896 2196 935 2255 H
941 2197 970 2257 0
1010 2197 1043 2257 et
1083 2193 1117 2258 in

793 2301 963 2383 utramque
989 2303 1116 2384 partem

794 2405 1008 2490 producatur;
1043 2429 1115 2472 cum

796 2513 993 2578 sectionibus
1014 2513 1116 2596 igitur

794 2623 972 2685 concurret.
1043 2639 1117 2683 con-

795 2731 903 2790 currat
944 2725 1047 2808 igitur
1083 2723 1118 2786 in

795 2836 831 2917 Θ,
846 2836 880 2896 Ρ.
916 2832 1027 2915 itaque
1059 2831 1123 2892 ΘΡ

827 2937 1004 3002 diametrus
1028 2936 1090 3000 crit

795 3045 975 3110 sectionum
990 3039 1108 3122 [1138]

101 3161 135 3219 et
164 3153 205 3218 ad
233 3176 303 3218 eam
332 3154 479 3218 ordinate
508 3153 624 3218 ductae
646 3158 724 3237 AB,
743 3157 772 3218 Γ
772 3159 814 3218 Δ.
860 3150 995 3215 ducatur
1017 3147 1119 3232 igitur

103 3260 145 3325 ab
168 3263 200 3322 E
220 3261 316 3324 rectis
335 3263 410 3344 ΑΒ,
430 3261 492 3322 ΓΔ
513 3259 672 3343 parallela
690 3263 852 3324 ENMH.
888 3259 1002 3322 EMH
1017 3252 1119 3340 igitur

103 3370 226 3431 rectam
241 3369 305 3430 ΘΡ
320 3370 353 3431 et
370 3369 543 3449 utramque
562 3365 682 3429 lineam
701 3369 798 3448 secat,
823 3363 975 3449 quoniam
993 3361 1117 3426 nullum

104 3472 194 3537 aliud
213 3476 263 3536 est
282 3477 437 3557 punctum
456 3492 630 3536 concursus
649 3476 778 3556 praeter
792 3477 832 3554 A,
846 3474 884 3555 Β,
898 3472 935 3555 Γ,
949 3474 989 3536 Δ.
1022 3490 1117 3552 prop-
