2444 3892
137 149 203 214 238
420 149 685 203 οοκκοανεοῑε
701 149 871 215 εανιοοε.

137 289 190 361 ὅτι
217 287 237 378 ἤ
260 299 300 359 H
305 298 339 357 A
367 291 593 379 ἐκβαλλομένη
620 288 674 378 ἐφ’
705 289 843 378 ἑκάτερα
865 292 905 359 τὰ
930 290 1016 380 μέρη
1041 312 1157 380 συμπε-

137 411 243 466 σεῖται
266 402 306 486 τῆ
331 402 423 487 τομῆ.

205 503 301 591 ἤχθω
330 503 394 592 γάρ
422 531 471 584 τις
494 503 551 572 διὰ
575 506 637 572 τοῦ
660 512 692 571 Λ
714 504 1011 592 παρατεταγμένως
1033 505 1057 593 ἤ
1083 513 1156 574 ΛΕ·

138 607 158 697 ἤ
183 618 215 677 Λ
222 618 253 679 Ε
273 612 340 700 ἄρα
364 613 457 691 ἐκτὸς
479 622 627 679 πεσεῖται
649 613 708 696 τῆς
731 613 842 698 τομῆς.

102 738 118 787 5
204 716 279 805 ἤτοι
303 717 346 805 δὴ
370 714 391 805 ἤ
415 724 489 784 ΗΔ
510 720 551 806 τῆ
574 724 643 784 ΛΕ
662 716 877 805 παράλληλός
900 718 993 785 ἐστιν
1016 713 1038 805 ἤ
1065 719 1116 790 ού.

204 830 235 892 εἰ
266 825 328 912 μὲν
362 815 425 892 ούν
457 822 669 912 παράλληλός
697 825 805 909 ἐστιν,
838 820 922 910 αύτῆ
950 827 1154 913 τεταγμένως

135 935 306 1019 κατῆκται·
340 929 424 999 ὥστε
452 932 678 1019 ἐκβαλλομένη
707 927 761 1017 ἐφ’
791 928 946 1018 έκύτερα,
979 932 1051 999 ἐπεὶ
1081 937 1152 1021 δίχα

134 1042 288 1126 τέμνεται
311 1035 377 1106 ὑπὸ
401 1041 460 1123 τῆς
483 1038 679 1126 διαμέτρου,
704 1049 920 1124 συμπεσεῖται
942 1046 983 1126 τῇ
1006 1043 1105 1128 τομῆ.

203 1144 248 1231 μῆ
273 1149 355 1213 ἐστω
376 1142 418 1231 δὴ
438 1143 649 1232 παράλληλος
667 1146 707 1232 τῆ
727 1149 803 1230 ΛΕ,
823 1141 908 1210 ἀλλὰ
928 1145 1151 1234 ἐκβαλλομένη

82 1269 115 1319 10
135 1253 345 1339 συμπιπτέτω
369 1254 409 1339 τῇ
433 1258 502 1317 ΛΕ
522 1252 605 1318 κατὰ
628 1247 666 1316 τὸ
690 1256 723 1316 Ε
745 1246 789 1329 ὥς
812 1246 833 1336 ἤ
856 1257 972 1318 ΗΔΕ.

202 1356 254 1426 ὅτι
281 1357 343 1444 μὲν
374 1350 437 1425 ούν
468 1360 509 1446 τῆ
536 1360 621 1445 τομῆ
650 1356 703 1423 ἐπὶ
731 1354 771 1424 τὰ
801 1356 896 1443 έτερα
923 1357 1007 1446 μέρη
1037 1363 1151 1446 συμπέ

134 1489 218 1551 πτει,
242 1461 334 1550 ἐφ’ἅ
354 1466 422 1531 ἐστι
441 1462 478 1530 τὸ
499 1471 543 1547 Ε,
568 1466 688 1549 θῆλον·
712 1466 743 1530 εἰ
764 1461 829 1550 γὰρ
852 1472 892 1549 τῇ
915 1469 986 1530 ΑΕ
1008 1464 1149 1553 ουμβύλ·

133 1577 193 1655 λει,
217 1568 304 1637 πολύ
327 1568 491 1657 πρότερον
514 1581 607 1655 τεμεῖ
627 1567 690 1653 τῆν
713 1568 829 1656 τομῆν.

200 1676 296 1761 λέγω,
321 1673 372 1743 ὅτι
395 1674 450 1741 καὶ
474 1675 527 1742 ἐπὶ
546 1673 585 1742 τὰ
606 1674 701 1764 ἔτερα
720 1677 803 1764 μέρη
823 1675 1052 1763 ἐκβαλλομένη
1072 1697 1147 1765 συμ·

80 1799 112 1849 15
133 1785 244 1849 πίπτει
267 1784 307 1870 τῆ
330 1785 424 1870 τομῆ.

199 1893 282 1957 ἔστω
315 1885 380 1976 γὰρ
412 1885 492 1976 παρ’
527 1884 584 1981 ἤν,
605 1887 769 1958 δύνανται
803 1885 824 1975 ἤ
853 1894 945 1976 ΜΛ,
977 1888 1035 1956 καὶ
1067 1892 1148 1977 ἐκβε-

133 1994 273 2082 βλήσθω
298 1995 348 2062 ἐπ’
370 1992 506 2077 εὐθείας
530 1993 614 2085 αύτῆ
637 1993 658 2082 ἡ
682 2002 760 2062 ΛΖ·
788 1991 809 2081 ἤ
833 2001 910 2062 ΜΛ
932 1996 1000 2083 ἄρα
1022 1999 1064 2084 τῇ
1088 2001 1148 2064 ΛΒ

131 2100 214 2190 πρὸς
238 2100 346 2189 ὀρθάς
369 2107 469 2173 ἐστιν.
515 2102 727 2189 πεποιήσθω,
756 2098 801 2182 ὡς
823 2101 861 2169 τὸ
886 2100 951 2169 ἀπὸ
976 2110 1046 2169 ΛΕ
1067 2101 1148 2190 πρὸς

130 2207 168 2276 τὸ
192 2216 299 2277 ΛΕΔ
320 2215 503 2296 τρίγωνον,
528 2207 634 2288 ούτως
657 2205 677 2294 ἤ
701 2216 779 2277 ΜΛ
801 2206 885 2297 πρὸς
907 2215 989 2292 ΛΖ,
1012 2209 1069 2277 καὶ
1094 2208 1146 2277 διὰ

79 2331 112 2380 20
132 2320 199 2383 τῶν
223 2323 272 2401 Μ,
293 2322 320 2381 Ζ
342 2319 382 2404 τῆ
402 2323 467 2383 ΛΒ
491 2313 699 2402 παράλληλοι
722 2315 886 2402 ἤχθωσαν
905 2317 942 2381 αἱ
959 2320 1036 2400 ΖΚ,
1058 2321 1148 2382 ΜΝ·

130 2421 378 2509 τετραπλεύρου
402 2413 467 2490 ούν
491 2419 589 2499 ὄντος
611 2424 672 2488 τοῦ
692 2427 845 2487 ΛΛΔΗ
857 2420 912 2487 καὶ
932 2421 1027 2488 θέσει
1047 2419 1149 2508 ούσης

129 2532 187 2613 τῆς
214 2534 282 2595 ΛΛ
310 2526 405 2615 ἤχθω
433 2531 474 2615 τῆ
503 2533 571 2593 ΛΑ
597 2525 808 2613 παράλληλος
835 2524 856 2613 ἤ
879 2532 978 2594 ΓΚΒ
1009 2523 1152 2616 ἆποτέμ

128 2653 236 2702 νουσα
263 2636 301 2702 τὸ
330 2640 440 2701 ΓΚΗ
468 2638 635 2719 τρίγωνον
663 2636 709 2724 τῷ
738 2640 890 2699 ΛΛΔΗ
917 2635 1148 2724 τετραπλεύρῳ

130 2750 221 2825 ἴσον,
248 2740 304 2806 καὶ
333 2742 389 2806 διὰ
418 2743 479 2807 τού
507 2746 535 2805 Β
563 2742 604 2827 τῆ
632 2746 745 2806 ΖΛΜ
769 2739 980 2826 παράλληλος
1007 2738 1146 2827 ἤχθωῆ

75 2861 109 2911 25
131 2849 243 2923 ΞΒΝ.
280 2846 336 2912 καὶ
360 2848 433 2914 ἐπεί
454 2851 555 2930 ἐστιν,
579 2842 623 2925 ὡς
646 2843 683 2913 τὸ
707 2844 772 2913 αἰπὸ
792 2853 860 2912 ΛΕ
878 2847 962 2934 πρὸς
984 2847 1022 2912 τὸ
1043 2853 1148 2914 ΛΕΛ

129 2957 309 3039 τρίγωνον,
333 2949 353 3038 ἤ
377 2959 455 3018 ΜΛ
478 2949 560 3038 πρὸς
579 2959 657 3038 ΛΖ,
682 2950 754 3020 ἀλλ’
782 2949 828 3032 ὡς
850 2952 912 3040 μέν
935 2953 973 3020 τὸ
996 2949 1064 3020 απὸ
1084 2960 1150 3022 ΛΕ

128 3057 211 3145 πρὸς
234 3055 272 3124 τὸ
296 3065 405 3125 ΛΕΔ
431 3060 616 3144 τρίγωνον,
644 3056 682 3127 τὸ
706 3056 771 3126 ἀπὸ
794 3064 856 3124 ΓΒ
880 3056 963 3146 πρὸς
985 3057 1023 3127 τὸ
1048 3066 1148 3127 ΔΓΒ

128 3167 309 3248 τρίγωνον·
338 3164 550 3250 παράλληλος
577 3163 642 3253 γάρ
673 3168 764 3234 ἐστιν
790 3162 811 3251 ἤ
836 3171 904 3232 ΛΕ
925 3168 964 3253 τῆ
987 3172 1064 3253 ΓΒ,
1093 3167 1148 3234 καὶ

129 3267 405 3354 ἐπιζευγνύουσιν
429 3269 532 3351 αύτύις
556 3275 593 3339 αλ
614 3278 686 3359 ΓΕ,
704 3279 781 3340 AB·
807 3267 852 3352 ὡς
873 3271 911 3340 δέ
929 3269 950 3358 ἤ
970 3279 1046 3338 ΜΛ
1065 3272 1148 3362 πρὸς

199 3438 223 3485 6.
243 3425 333 3555 aivi}
351 3430 463 3501 scripsi,
488 3427 559 3501 αύτη
581 3432 650 3502 Wp.
741 3439 765 3486 9.
790 3431 840 3503 μῆ]
862 3432 971 3518 υῆύίάί,
996 3448 1050 3487 om.
1070 3434 1147 3503 Wp3

126 3504 193 3573 post
218 3502 253 3573 δή
278 3503 313 3558 ad
336 3541 342 3555 .
363 3502 464 3573 Halley
488 3520 553 3558 cum
572 3503 677 3559 Comm.
771 3509 812 3560 13.
840 3504 990 3575 προτερον]
1016 3519 1087 3560 corr.
1112 3521 1148 3558 ex
