2444 3892
74 148 188 203 LXXIV
444 144 721 199 PROLEGOMENA.

76 293 121 346 bio
138 289 314 359 proponitur,
332 288 545 342 demonstratum
562 291 603 342 est
619 286 655 341 ab
669 283 838 354 Appollonio
857 284 891 338 iu
912 284 992 340 libro
1008 285 1092 340 sucis

76 370 178 426 conicis
196 368 330 422 elementis
349 366 473 438 [11,1s];
491 368 632 422 ducuntur
650 371 741 420 autern
757 364 892 419 sectiones
912 365 1092 436 ampliyonim

75 451 135 505 siue
166 448 328 518 hyperbolae
356 447 505 516 oppositae,
538 446 649 515 yuando
675 444 826 515 yibbositas
853 445 950 498 unius
978 444 1092 513 ipsarum

77 528 199 598 sequitur
221 527 409 596 yibbositatem
427 526 554 594 alterius,
577 527 619 580 ita
636 530 669 579 ut
686 525 751 579 illae
768 523 955 594 pibbositates
972 526 1092 594 scrupi

75 609 164 674 nunt,
188 612 214 662 et
236 608 379 662 ambarum
403 606 532 661 diametri
554 605 611 660 sint
632 606 664 660 in
686 621 745 660 ima
767 605 843 658 linea
860 609 944 660 reeta
959 647 967 660 .
984 646 992 660 .
1007 609 1053 660 .et
1067 620 1093 659 cn

77 689 114 743 iis
132 687 286 742 deciarauit
298 686 484 756 Appollonius
497 685 579 752 illud,
596 685 670 754 yuod
683 684 845 739 correlatiue
855 685 1093 753 proponitur...

76 773 102 823 et
124 782 175 821 uos
195 767 301 822 utimier
323 767 373 821 boc
394 766 442 820 illo
464 768 496 818 ut
514 780 567 833 per
586 763 786 834 Appollonium
807 763 1014 819 demonstrato.
1050 763 1095 818 hoc

76 846 178 901 deinde
192 846 281 901 utitur
294 847 324 900 in
338 847 359 914 I,
376 848 523 900 132-133.
552 844 671 898 alteram
685 839 912 913 propositionem
929 841 1095 899 (lonicorum

77 927 147 982 citat
164 924 194 980 in
213 928 233 994 Ι,
251 932 313 980 129:
335 926 407 980 inter
425 926 496 980 duas
513 929 600 979 rectas
618 923 791 992 anyularu'ter
807 922 983 978 coniunctas
1001 940 1022 978 a
1039 924 1095 978 dato

74 1012 180 1076 puncto
196 1012 297 1061 rectam
316 1006 422 1072 ducere,
441 1005 520 1060 cuius
538 1019 597 1058 una
610 1004 735 1073 partium
747 1001 919 1056 interiacens
933 1019 1029 1058 unam
1041 1018 1094 1058 con

76 1088 236 1142 iunctarum
259 1090 284 1139 et
305 1086 401 1139 datum
420 1090 556 1152 punctum
577 1083 615 1138 sit
631 1082 784 1152 cuicunque
802 1081 884 1136 datae
904 1081 1003 1137 lineae
1021 1087 1048 1138 et
1059 1083 1095 1136 in·

78 1183 161 1235 super
174 1167 294 1235 reliquae
308 1180 374 1218 suae
385 1164 464 1232 parti
477 1165 573 1218 datum
580 1167 714 1230 puuctum
723 1167 748 1215 et
756 1161 872 1216 alteram
880 1162 1096 1218 coniunctam

79 1245 255 1300 interiacenti
282 1243 404 1311 manalis
419 1284 425 1296 .
441 1286 446 1299 .
463 1284 469 1295 .
485 1284 491 1296 .
507 1244 544 1297 ad
570 1243 619 1297 boc
644 1247 734 1296 auum
753 1257 805 1309 per
827 1240 919 1295 lineas
943 1245 1040 1297 rectas
1059 1241 1097 1296 sci

79 1326 226 1380 circulares
253 1322 494 1377 demonstrandum
521 1322 618 1390 lonyus
644 1321 723 1376 labor
750 1324 775 1374 et
796 1319 900 1374 multae
924 1320 1096 1376 diuersitatis

77 1404 156 1458 uobis
173 1402 281 1467 incidit,
300 1406 324 1455 et
342 1417 399 1454 nou
416 1401 472 1467 tuit
489 1402 568 1456 uobis
584 1401 635 1455 boc
650 1399 779 1468 possibile
796 1399 933 1467 complere
950 1415 1006 1468 per
1020 1401 1096 1455 buius

78 1483 165 1537 lineas
193 1482 292 1548 absque
319 1484 393 1533 motu
420 1485 446 1533 et
472 1479 669 1550 imayiuatioue
693 1478 869 1533 meebaniea.
886 1519 892 1533 .
910 1518 917 1532 .
932 1478 987 1533 boc
1011 1485 1096 1535 tamen

78 1560 262 1628 Appollonius
284 1558 420 1627 Peryaeus
447 1560 479 1612 in
506 1559 577 1613 libro
604 1573 654 1613 suo
681 1558 714 1613 de
737 1556 839 1612 conicio
861 1556 1005 1613 elementis
1032 1559 1095 1613 libro

76 1639 193 1693 secundo
212 1638 401 1705 propositione
423 1637 557 1705 quarta*)
575 1654 627 1707 per
646 1636 831 1692 deductionem
848 1636 982 1692 sectionis
1002 1638 1096 1707 ampli·

77 1717 176 1785 yoniae
199 1733 217 1769 a
239 1716 304 1771 dato
324 1721 429 1784 puncto
452 1718 524 1771 iuter
547 1717 617 1772 duas
638 1717 725 1771 lineas
743 1720 881 1784 assumpto
898 1717 986 1771 nulla
1005 1733 1096 1772 carum

79 1797 216 1850 linearum
233 1801 338 1851 secante
357 1797 567 1864 demonstrauit,
588 1797 666 1852 cuius
684 1811 734 1850 nos
751 1795 1015 1851 demorutrationem
1033 1802 1096 1852 uta
1137 1862 1139 1871 Ι

77 1876 172 1931 multis
189 1876 235 1930 sui
253 1876 319 1931 libri
333 1877 485 1946 principiis
497 1876 683 1949 praeambulis
696 1875 887 1944 dependentem
899 1873 949 1930 bic
961 1877 1094 1948 supponi·

78 1971 138 2010 mus
161 1961 186 2010 et
210 1956 273 2025 ipsa
292 1957 398 2012 utimur
415 1959 486 2013 sicut
505 1959 697 2013 demonstrata.
733 1953 823 2008 utitur
840 1950 871 2006 in
888 1952 908 2022 Ι,
926 1959 989 2012 130.
1030 1958 1095 2012 hau

79 2035 174 2091 omnia
196 2052 213 2089 a
233 2035 385 2092 Uitellions
411 2053 446 2090 ex
464 2035 566 2105 opiicis
584 2034 719 2089 Alhaneni
738 2032 801 2103 (Ibn
820 2033 848 2087 al
865 2032 996 2104 Haitsm)
1016 2035 1052 2106 V,
1065 2040 1095 2089 lt

78 2115 170 2185 petita
189 2119 254 2169 sunt
273 2116 332 2185 (afr.
353 2115 478 2169 Alhazsn
497 2115 531 2184 V,
545 2120 592 2170 34:
616 2115 697 2169 sectio
713 2113 883 2184 pyramidis,
904 2129 991 2182 ynam
1011 2116 1094 2185 assiy·

79 2196 161 2249 uouit
179 2194 345 2264 Apollonius
367 2197 399 2249 iu
421 2195 492 2249 libro
510 2195 713 2264 pyramidum),
737 2196 766 2247 et
784 2190 923 2261 originem
942 2191 1093 2249 Arabicam

78 2274 139 2342 ipss
158 2272 255 2341 prodit
273 2274 294 2340 I,
309 2280 356 2328 98:
374 2274 454 2328 sectio
468 2275 628 2341 rectauyula
641 2274 685 2328 uel
694 2273 833 2342 parabola
845 2277 871 2326 et
884 2277 923 2327 est
936 2273 999 2339 abia,
1014 2290 1094 2344 quani

79 2351 186 2405 Arabes
210 2353 307 2406 dicunt
329 2354 447 2421 malci.
464 2395 470 2408 .
485 2394 491 2406 .
506 2353 675 2420 ampliyonia
697 2352 742 2407 uel
763 2352 906 2422 hyperbole
927 2353 975 2407 uel
996 2352 1093 2422 mullei

81 2430 181 2484 addita
195 2471 201 2484 .
217 2472 223 2484 .
240 2472 245 2486 .
261 2432 393 2500 occiyonia
413 2433 458 2487 uel
475 2432 630 2499 elipsisuel
647 2432 745 2500 mulceyi
762 2431 908 2487 diminuta.
946 2434 1094 2502 praeberes

79 2509 150 2564 huso
172 2508 260 2563 habet
282 2509 316 2564 dc
341 2509 467 2566 Conicis:
496 2510 546 2579 IX,
565 2516 599 2564 39
623 2511 649 2564 si
670 2512 811 2567 sectionem
829 2511 997 2581 parabolam
1022 2514 1093 2568 linco

78 2595 152 2646 recta
167 2591 318 2661 coutinyat,
332 2597 357 2647 et
371 2610 389 2646 a
399 2596 503 2660 puncto
517 2596 656 2645 contactus
670 2591 789 2645 ducatur
802 2592 1092 2660 reataperpendicula·

78 2671 146 2725 riter
167 2687 249 2740 super
272 2672 435 2726 diametrum
458 2671 584 2724 sectionis
602 2670 769 2738 productam
791 2671 829 2724 ad
852 2686 1016 2726 concursum
1035 2689 1093 2727 mem

79 2751 263 2820 contiuyente,
293 2751 345 2804 erit
367 2765 436 2818 pars
458 2750 587 2804 diametri
608 2749 771 2804 interiacens
789 2750 1050 2819 perpendicularem
1071 2755 1094 2807 et

77 2831 239 2898 paritoriam
256 2829 383 2883 sectionis
401 2829 525 2897 aequalis
541 2830 620 2897 parti
638 2829 812 2883 interiacenti
829 2830 972 2884 sectionem
990 2835 1017 2885 et
1033 2847 1093 2887 con

79 2909 225 2980 tinyeutem
236 2952 242 2964 .
254 2909 336 2962 ..boc
354 2913 444 2963 autern
461 2909 674 2963 demonstratum
692 2913 730 2962 est
748 2908 782 2962 ab
802 2908 970 2977 Appollcuio
990 2909 1093 2980 Peryco

78 2989 111 3041 iu
134 2988 204 3043 libro
227 2989 260 3043 de
279 2987 387 3042 Gonicis
410 2988 545 3043 elementis
564 2987 598 3059 [1,
613 2989 658 3056 35]
664 3028 673 3055 ,
691 2992 716 3041 et
733 2988 777 3042 bic
794 2993 902 3042 utemur
918 2987 981 3056 ipso
998 2994 1033 3044 ut
1050 2991 1093 3046 de-

79 3072 237 3137 monstrato,
251 3066 359 3135 1X‚40:
375 3082 451 3121 omne
465 3069 630 3136 quadratum
645 3069 732 3122 lineae
741 3068 982 3135 perpendicularis
994 3068 1094 3125 ductae

80 3146 114 3199 ab
137 3147 230 3214 aliquo
249 3151 354 3215 puncto
377 3147 504 3201 sectionis
518 3147 669 3217 parabolae
686 3162 768 3216 super
785 3147 949 3201 dianutrum
967 3149 1094 3204 sectionis

79 3229 118 3277 est
140 3226 252 3292 aequale
274 3227 433 3296 rectanyulo
456 3231 578 3282 contento
601 3227 651 3282 sub
674 3231 753 3295 parte
771 3226 899 3281 diametri
915 3228 1095 3284 interiacente

80 3302 157 3355 illam
174 3305 428 3370 perpendicularem
446 3311 471 3359 et
484 3306 647 3375 periferiam
664 3305 790 3360 sectionis
808 3310 834 3359 et
850 3306 900 3359 sub
920 3305 1004 3362 latere
1021 3313 1095 3365 recto

151 3459 177 3528 *)
197 3459 267 3516 aon.
286 3461 321 3528 11,
340 3469 365 3518 s.
