2444 3892
134 131 179 194 70
529 130 698 184 mm
715 128 756 186 δ’.

199 276 231 339 εἰ
256 269 320 358 γὰρ
350 270 513 357 δυνατόν,
542 272 756 359 συμβαλλέτω
784 270 867 341 κατὰ
891 270 936 341 τὰ
959 281 1014 360 Δ,
1035 280 1081 361 Ε,
1105 272 1153 342 καὶ

133 378 384 463 ἐπεζεύχθωσαν
408 381 446 444 αλ
466 386 549 465 ΑΒ,
569 386 645 447 ΔΕ.
716 402 720 407 ·

201 482 275 568 ἤτοι
299 481 341 570 δὴ
364 483 579 573 παράλληλοί
598 489 685 554 εἰσιν
707 481 729 572 ἤ
753 485 805 554 οὕ.

200 593 350 658 ἔστωσαν
378 591 544 680 πρότερον
571 591 795 681 παράλληλοι,
825 594 883 662 καὶ
910 591 1151 681 τετμήσθωσαν

96 700 170 764 σαί
194 704 276 782 ΑΒ,
299 704 370 765 ΔΕ
401 701 478 785 δίχα
506 699 590 765 κατὰ
616 697 659 767 τὰ
685 705 736 785 Η,
757 707 802 788 Θ,
829 700 886 768 καὶ
915 699 1110 789 ἐπεζεύχθω
1133 696 1150 787 ἤ

130 809 213 869 ΗΘ·
244 802 421 893 διάμετρος
447 802 513 891 ἄρα
542 803 612 872 ἐστὶ
638 815 757 874 πασῶν
783 808 853 875 τῶν
879 809 1000 894 τομῶν
1028 807 1088 875 καὶ
1108 832 1150 875 τε·

131 910 303 997 ταγμένως
331 908 381 979 ἐπ’
412 906 518 997 αὐτὴν
543 913 746 998 κατηγμέναι
768 915 806 980 αλ
827 918 908 1001 ΑΒ,
931 919 1012 980 ΔΕ.
1060 913 1148 1000 ἤχθω

130 1951 171 2041 δὴ
196 1948 260 2021 ιἰπὸ
283 1954 344 2020 τοῦ
367 1958 400 2019 Γ
418 1951 507 2041 παραὶ
530 1953 593 2039 τῆν
616 1959 681 2019 ΑΒ
705 1949 725 2038 ἤ
745 1954 892 2028 ΓΝΞΟ·
916 1956 1010 2022 ἔσται
1034 1955 1078 2043 δῆ
1095 1954 1143 2024 καὶ

129 2057 213 2146 αὐτῆ
244 2059 450 2147 τεταγμένως
483 2059 536 2128 ἐπὶ
567 2056 629 2146 τῆν
662 2056 843 2147 διάμετρον
874 2061 1068 2149 πατηνμένη
1094 2061 1143 2130 ιιαλ

78 2188 110 2238 10
130 2178 344 2252 συμπεσεῖται
366 2170 443 2245 ’ταῖς
466 2178 582 2251 τομαῖς
604 2161 676 2234 κατ’
706 2165 789 2233 ἄλλο
813 2165 869 2233 καὶ
892 2163 984 2235 ἄλλο.
1032 2173 1065 2236 ελ
1085 2167 1143 2256 γὰρ

128 2271 271 2340 κατὰτὸ
296 2269 395 2358 αὐτό,
424 2267 535 2340 οὐκέτι
558 2272 640 2338 κατὰ
664 2277 741 2359 τρία
765 2271 1037 2361 συμβάλλουσιν,
1066 2271 1143 2341 ἀλλὰ

128 2381 280 2467 τέσσαρα.
319 2384 411 2446 ἔσται
436 2379 477 2464 θῆ
502 2378 540 2444 ἐν
563 2375 626 2462 μὲν
648 2380 688 2466 vy}
713 2385 823 2445 ΑΜΒ
846 2381 931 2468 τομῇ
955 2386 1012 2466 ἴση
1037 2377 1059 2467 ἤ
1083 2385 1145 2448 ΓΝ

128 2488 168 2573 vy}
192 2486 274 2572 ΝΞ,
304 2487 342 2552 ἐν
371 2484 408 2552 θλ
435 2486 475 2571 vy}
504 2489 607 2550 ΑΛΒ
630 2480 651 2570 ἤ
675 2488 748 2550 ΓΝ
768 2487 808 2572 vy}
831 2490 909 2552 ΝΟ.
954 2485 1012 2552 καὶ
1036 2482 1058 2573 ἤ
1082 2491 1148 2554 ΟΝ

128 2588 194 2676 ἄρα
216 2594 255 2680 vy}
279 2597 318 2658 Ν
319 2593 349 2666 Ξ
370 2593 461 2659 ἐστιν
485 2597 554 2675 ἴση·
578 2586 660 2678 ὅπερ
683 2585 866 2660 ἀδύνατον.

76 2737 108 2787 15
195 2716 240 2803 μῆ
265 2719 414 2784 ἔστωσαν
438 2712 480 2800 δῆ
503 2711 712 2802 παράλληλοι
735 2717 772 2782 αλ
792 2721 870 2802 ΑΒ,
894 2721 973 2802 ΔΕ,
996 2712 1070 2786 ἀλλ’
1099 2719 1145 2786 ἐν·

128 2821 332 2909 βαλλόμεναι
365 2823 641 2908 συμπιπτέτωσαν
672 2822 755 2888 κατὰ
787 2824 826 2891 τὸ
857 2831 910 2910 Π,
941 2822 998 2891 καὶ
1031 2820 1052 2912 ἤ
1086 2828 1145 2892 ΓΟ

127 2927 223 3016 ἤχθω
251 2925 342 3016 παρὰ
367 2926 431 3014 τὴν
454 2935 530 2995 ΑΠ
553 2927 609 2996 καὶ
637 2928 847 3015 συμπιπτέτω
871 2932 910 3018 vy}
935 2936 1014 2996 ΔΠ
1033 2930 1145 3018 ἐκβλη-

128 3042 227 3124 θείσῃ
251 3032 334 3104 κατὰ
356 3034 394 3102 τὸ
416 3041 452 3118 P,
471 3034 527 3102 καὶ
549 3034 793 3123 τετμήσθωσαν
816 3038 854 3103 αλ
874 3044 907 3104 Α
913 3042 953 3122 Β,
977 3044 1050 3105 ΔΕ
1071 3040 1146 3125 δίχα

127 3139 210 3209 κατὰ
234 3141 274 3210 τὰ
297 3149 343 3227 Η,
363 3147 401 3227 Θ,
424 3140 478 3208 καλ
505 3138 560 3209 διὰ
584 3152 653 3211 τῶν
674 3148 767 3227 Η,Θ
790 3143 961 3231 διάμετροι
983 3143 1146 3230 ἤχθωσαν

129 3304 342 3313 ᾳ--ω-..ό

200 3410 225 3459 6.
240 3404 287 3477 αἱ]
302 3427 330 3478 p,
350 3426 404 3463 om.
415 3408 448 3462 V.
512 3413 553 3463 13.
571 3410 646 3482 ΟΝ]
663 3412 751 3465 ΟΝΡ
763 3408 801 3478 V;
821 3410 1022 3477 eorr.Comm.;
1043 3413 1077 3465 N
1081 3414 1107 3467 Ο
1121 3429 1146 3482 p.

167 3480 208 3531 19.
228 3476 316 3549 κατά]
336 3497 364 3548 p,
383 3478 432 3534 κοιλ
451 3477 524 3536 κοινοὶ
544 3478 578 3534 V.
