2444 3892
189 148 232 213 26
396 95 401 105 ⁹
586 146 754 199 εαιοειιιι
770 144 812 199 ε’.

188 289 272 357 ἀλλὰ
306 290 362 355 διὰ
395 299 457 355 τοῦ
485 294 528 353 H.
573 291 667 354 ἔσται
698 283 831 373 θή,”ὡς
861 282 883 372 ἡ
911 292 984 352 AA
1017 286 1109 371 πρὸς
1139 294 1208 372 ΔΒ,

187 394 208 483 ἡ
237 401 313 462 ΑΗ
335 392 420 480 πρὸς
442 399 525 460 ΗΒ·
559 391 640 477 ὅπερ
668 393 809 462 ἄτοπον·
842 389 1019 459 ὑπόκειται
1053 389 1141 480 γάρ,
1172 391 1209 472 ὡς

187 498 207 587 ἡ
232 508 303 568 AA
325 499 408 586 πρὸς
433 507 514 585 AB,
538 497 558 586 ἡ
583 505 652 566 ΑΓ
669 497 755 586 πρὸς
777 504 847 567 ΓΒ.

670 638 726 711 ις’.

152 753 169 802 ⁶
258 749 335 813 Τῶν
352 741 465 814 αὐτῶν
485 743 594 813 ὄντων
613 750 696 812 ἔστω
714 742 753 812 τὸ
767 752 801 811 A
820 757 959 830 σημεῖον
978 744 1018 810 έν
1038 747 1080 832 τῇ
1098 747 1210 832 ἐφεξῆς

186 857 294 942 γωνίςι
317 855 375 938 τῆς
397 849 463 919 ὑπὸ
486 855 555 920 τῶν
579 849 807 938 ἆσυμπτωτων
824 850 1078 936 περιεχομένης,
1099 851 1160 918 καὶ
1174 852 1208 920 τὰ

188 960 287 1026 λοιπὰ
311 956 351 1025 τὰ
375 957 461 1025 αὐτὰ
484 958 641 1043 γινέσθω.

253 1067 355 1151 λέγω,
384 1062 435 1132 ὅτι
462 1061 483 1150 ἡ
512 1061 577 1131 ἀπὸ
603 1067 665 1131 τοῦ
689 1069 717 1130 Ζ
746 1062 799 1130 ἐπὶ
824 1063 864 1130 τὸ
891 1068 924 1129 Γ
948 1062 1210 1151 ἐπιζευγνυμένη

189 1171 414 1258 ἐκβαλλομένη
439 1181 654 1255 συμπεσεῖται
676 1172 717 1257 τῇ
741 1165 952 1255 ἀντικειμένη
976 1170 1083 1257 τομῇ,
1114 1166 1209 1256 καὶὴ

136 1297 168 1348 10
188 1274 253 1345 ιἰπὸ
286 1279 346 1362 τῆς
378 1273 601 1361 σνμπτοέσεως
633 1274 686 1342 ἐπὶ
713 1275 749 1342 τὸ
779 1282 813 1341 A
840 1271 1003 1360 ἐφάψεται
1032 1278 1097 1362 τῆς
1126 1275 1210 1346 ἀντι-

186 1383 339 1468 κειμένης
361 1385 471 1477 τομῇς.

1 1040 11 1093 η

253 2491 336 2553 ἔστω
360 2487 424 2577 γὰρ
448 2487 488 2557 τὰ
512 2485 606 2573 αὐτὰ,
630 2485 740 2556 καὶτὸ
761 2495 794 2554 A
813 2499 952 2575 σημεῖον
972 2489 1008 2555 ἐν
1027 2493 1067 2577 τῇ
1087 2491 1204 2576 ἐφεξῆς

186 2598 293 2683 γωνίᾳ
325 2597 383 2680 τῆς
415 2591 482 2663 ὑπὸ
514 2599 582 2663 τῶν
610 2588 839 2680 ἄσυμπτωτων
865 2595 1118 2682 περιεχομένης,
1150 2596 1204 2663 καὶ

185 2697 282 2788 ἤχθω
316 2696 380 2767 ἀπὸ
414 2704 475 2768 τοῦ
504 2709 537 2766 A
567 2701 777 2787 ἐφαπτομένη
807 2703 863 2787 τῆς
891 2710 923 2767 A
950 2703 1053 2787 τομῆς
1079 2698 1101 2787 ἡ
1131 2709 1203 2786 ΛΕ,

134 2825 165 2876 15
185 2808 239 2874 καὶ
265 2806 448 2892 ἐπεζεύχθω
473 2803 493 2892 ἡ
514 2813 575 2872 ΕΖ
598 2805 654 2872 καὶ
673 2807 908 2893 ἐκβαλλομένη,
929 2810 960 2874 el
978 2808 1137 2893 δυνατόν,
1159 2810 1203 2895 μὴ

185 2913 334 3000 ἐρχέσθω
355 2912 407 2980 ἐπὶ
426 2912 463 2980 τὸ
483 2917 520 2998 Γ,
540 2909 609 2979 ἀλλ’
631 2912 684 2980 ἐπὶ
703 2913 741 2980 τὸ
761 2919 803 2979 Η.
842 2917 932 2980 ἔσται
952 2911 1007 2999 δή,
1030 2908 1075 2992 ὡς
1093 2910 1115 2999 ἡ
1135 2920 1209 2982 ΑΗ

185 3017 267 3103 πρὸς
290 3024 374 3103 ΗΒ,
403 3014 423 3104 ἡ
448 3025 517 3084 AA
540 3019 623 3104 πρὸς
647 3026 728 3086 AB·
758 3016 839 3107 ὅπερ
863 3016 1003 3086 ἄτοπον·
1032 3015 1205 3088 ὑπόκειται

185 3122 260 3209 γάρ,
285 3119 330 3202 ὥς
352 3120 372 3210 ἡ
398 3130 467 3190 AA
489 3122 573 3210 πρὸς
597 3132 675 3211 ΑΒ,
699 3122 719 3211 ἡ
745 3131 814 3192 ΑΓ
832 3124 914 3211 πρὸς
937 3130 1007 3193 ΓΒ.
1098 3126 1101 3131 ’

669 3265 720 3347 ιζ’.

131 3389 165 3440 εο
255 3374 330 3435 Τῶν
359 3367 470 3439 αὐτῶν
498 3368 608 3439 ὅντων
639 3375 722 3439 ἔστω
745 3374 782 3442 τὸ
805 3379 839 3438 A
867 3384 1007 3457 σημεῖον
1036 3371 1092 3438 ἐπί
1112 3397 1207 3452 τινος

184 3475 252 3541 τῶν
275 3472 511 3559 ἀσυμπτιέτων.
