2444 3892
149 157 216 222 104
543 153 773 208 ranunmun

149 293 200 378 οἷς
227 295 397 384 ἀχθεισῶν
426 297 463 363 έν
492 292 619 383 ἑκάστῳ
648 291 870 383 παραλλήλων
899 297 939 383 τῇ
963 294 1065 381 βάσει
1090 302 1168 363 ἴσων

147 402 187 472 τὸ
222 406 353 489 πλῆθος
385 405 423 468 αλ
451 400 660 489 παράλληλοι
691 399 748 468 καὶ
779 401 817 467 αἱ
846 398 965 487 βάσεις
996 401 1085 489 πρὸς
1115 399 1169 480 τὰς

148 507 421 596 άποτεμνομένας
448 505 514 575 άπὸ
543 517 614 575 τῶν
642 507 830 595 διαμέτρων
856 505 942 594 πρὸς
969 520 1045 587 ταῖς
1073 533 1167 597 κορυ

148 629 228 703 φαῖς
251 617 288 684 έν
311 628 382 694 τοῖς
401 610 516 693 αὐτοῖς
538 612 653 699 λόγοις
675 613 740 682 εἰσὶ
761 612 819 681 καὶ
837 615 876 681 αἱ
896 609 1167 701 άποτεμνόμεναι

112 740 130 788 5
149 721 233 811 πρὸς
254 722 313 802 τὰς
335 720 615 807 άποτεμνομένας.

216 864 246 931 5.
269 864 427 930 Eutoeius
450 865 484 928 in
507 833 736 935 Archimedem
758 862 808 928 ΠΙ
830 887 861 948 p.
885 864 965 949 332,
992 867 1050 930 11:

215 986 283 1054 Καὶ
307 984 359 1053 ὅτι
383 990 419 1053 αἱ
438 985 626 1073 παραβολαὶ
649 995 752 1053 πᾶσαι
775 983 893 1072 ὅμοιαί
913 988 1010 1054 εἰσιν.

217 1133 247 1197 6.
269 1131 427 1196 Eutooius
450 1130 484 1194 in
507 1127 736 1195 Archimedem
758 1129 810 1194 ΠΙ
832 1153 862 1215 p.
887 1131 969 1216 328,
993 1132 1014 1196 2
1041 1153 1103 1216 squ

214 1251 345 1339 Ἐπειδὴ
384 1256 421 1319 αἱ
450 1259 529 1338 ΕΘ,
554 1257 621 1318 ΖΚ
654 1250 865 1339 παράλληλοί
898 1255 965 1320 εἰσι
997 1252 1057 1320 καὶ
1090 1261 1164 1339 ἴσαι,

97 1377 130 1426 10
150 1358 322 1446 διάμετροι
342 1350 441 1426 οὖσαι
459 1363 527 1427 τῶν
547 1367 630 1426 ἴσων
648 1356 828 1445 τμημάτων
846 1359 903 1426 καὶ
917 1358 1165 1447 έφαρμόζουσαι

148 1463 324 1551 ἀλλήλαις,
348 1461 392 1542 ὡς
416 1467 453 1532 έν
475 1468 522 1554 τῷ
548 1464 580 1535 ς’
605 1467 673 1532 τῶν
696 1467 849 1532 κωνικῶν
873 1465 1051 1534 δέδεικται.

322 1607 371 1672 De
395 1608 520 1673 duabus
544 1609 659 1674 mediis
682 1608 993 1694 proportionalibus.

216 1733 243 1796 7.
267 1731 398 1816 Pappus
421 1731 485 1818 111,
508 1736 549 1798 21
575 1757 605 1818 p.
629 1733 686 1800 56:

216 1842 320 1920 Οὗτοι
351 1851 416 1941 γὰρ
450 1851 694 1942 ὁμολογοῦντες
727 1853 864 1943 στερεὸν
896 1851 985 1923 εἶναι
1016 1855 1057 1925 τὸ
1086 1857 1164 1946 πρό-

94 1976 128 2026 15
147 1964 257 2045 βλημα
271 1958 334 2046 τὴν
348 1962 557 2048 κατασκευὴν
572 1958 678 2030 αὐτοῦ
692 1960 800 2048 μόνον
811 1958 1163 2050 ὀργανικῶςπεποίην-

145 2092 200 2133 ται
229 2065 419 2153 συμφώνως
443 2066 653 2158 Ἀπολλωνίῳ
681 2071 726 2158 τῷ
756 2071 928 2160 Περγαίφ,
957 2064 995 2148 ἲς
1023 2070 1081 2138 καὶ
1103 2068 1164 2157 τὴν

145 2170 312 2241 άνάλυσιν
336 2171 442 2243 αὐτοῦ
465 2180 641 2260 πεποίηται
665 2176 721 2242 διδι
742 2177 809 2242 των
828 2178 889 2242 τοῦ
908 2173 1023 2244 κώνου
1042 2180 1163 2264 τομῶν.

175 2387 178 2396 ,
214 2318 245 2383 8.
267 2316 424 2385 Eutooius
448 2321 482 2384 in
505 2317 734 2383 Archimedem
758 2317 809 2383 III
832 2342 862 2403 p.
887 2321 930 2384 76
954 2341 1015 2404 sq.:

475 2441 536 2518 Ὡς
556 2437 829 2519 Ἀπολλώνιος.

92 2579 127 2629 20
204 2561 379 2632 Ἔστωσαν
412 2568 450 2631 oct
480 2567 634 2632 δοθεῖσαι
668 2561 731 2630 δύο
761 2561 907 2651 εὐθεῖαι,
941 2555 989 2632 ὧν
1018 2568 1074 2633 δεῖ
1101 2566 1165 2635 δάο

145 2670 248 2755 μέσας
275 2666 446 2756 άνάλογον
474 2666 601 2757 εὑρεῖν,
630 2671 667 2735 αἱ
687 2675 793 2737 ΒΑΓ
816 2667 927 2756 ὀρθὴν
949 2674 1164 2760 περιέχουσαι

144 2781 272 2861 γωνίαν
309 2778 371 2862 τὴν
408 2775 494 2863 πρὸς
529 2778 575 2866 τῷ
608 2782 648 2842 Α.
702 2775 758 2842 καὶ
790 2776 916 2866 κέντρφ
949 2776 1011 2864 μὲν
1043 2783 1090 2871 τῷ
1125 2788 1164 2865 Β,

145 2883 343 2970 διαστήματι
371 2881 408 2950 δὲ
436 2886 482 2974 τῷ
505 2885 577 2948 ΑΓ
598 2880 726 2949 κύκλου
753 2882 947 2970 περιφέρεια
974 2883 1164 2972 γεγράφθω

107 3076 109 3081 Ι
143 2984 165 3073 ἡ
190 2994 301 3054 ΚΘΛ.
342 2986 397 3054 καὶ
420 2988 521 3054 πάλιν
544 2989 670 3078 κέντρῳ
694 2998 739 3079 τῷ
764 2993 795 3054 Γ
814 2988 870 3055 καὶ
895 2988 1093 3076 διαστήματι
1117 2996 1165 3085 τῷ

90 3108 125 3155 25
146 3101 210 3159 AB
238 3092 365 3161 κύκλου
391 3093 586 3182 περιφέρεια
612 3093 798 3182 γεγράφθω
827 3090 848 3180 ἡ
873 3101 991 3162 ΜΘΝ
1007 3096 1064 3163 καὶ
1088 3122 1164 3185 τεμ

217 3294 241 3343 6.
261 3287 370 3359 Fragm.
388 3294 403 3342 o
423 3287 598 3345 continuatio
618 3291 662 3344 est
678 3288 872 3360 praecedentis
891 3292 920 3344 et
938 3289 1004 3345 ideo
1023 3291 1053 3345 ot
1066 3291 1164 3362 iprum

143 3358 180 3412 ad
198 3358 381 3428 Apollonium
399 3359 588 3425 referendum
612 3364 656 3417 est
674 3361 722 3430 VI,
743 3366 783 3417 11.
862 3367 905 3416 11.
925 3360 967 3432 ς’]
988 3362 1037 3416 etr.
1052 3361 1102 3429 VI,
1119 3369 1163 3419 le.

181 3436 223 3484 12.
243 3429 298 3486 Cfr.
319 3429 412 3487 Gonia.
427 3431 462 3499 V,
482 3436 515 3486 52
535 3450 561 3501 p.
578 3437 621 3497 37,
639 3436 656 3485 8
676 3431 720 3487 ed.
738 3430 849 3500 Halley.
938 3438 979 3489 16.
1000 3430 1165 3504 συμφώνως

143 3504 200 3557 κτλ.
220 3500 416 3570 interpolatori
434 3502 536 3558 tribuit
552 3500 680 3557 Hultsoh.
