<?xml version="1.0" encoding="UTF-8"?>
<!DOCTYPE html PUBLIC "-//W3C//DTD XHTML 1.0 Transitional//EN"
    "http://www.w3.org/TR/xhtml1/DTD/xhtml1-transitional.dtd">
<html xmlns="http://www.w3.org/1999/xhtml" xml:lang="en" lang="en">
 <head>
  <title>
</title>
<meta http-equiv="Content-Type" content="text/html;charset=utf-8" />
  <meta name='ocr-system' content='tesseract 3.04.00' />
  <meta name='ocr-capabilities' content='ocr_page ocr_carea ocr_par ocr_line ocrx_word'/>
</head>
<body>
  <div class='ocr_page' id='page_1' title='image "./apolloniipergae01apolgoog_0348.png"; bbox 0 0 2444 3892; ppageno 0'>
   <div class='ocr_carea' id='block_1_1' title="bbox 129 169 861 237">
    <p class='ocr_par' dir='ltr' id='par_1_1' title="bbox 129 169 861 237">
     <span class='ocr_line' id='line_1_1' title="bbox 129 169 861 237; baseline -0.019 1"><span class='ocrx_word' id='word_1_1' title='bbox 129 171 196 237; x_wconf 82' lang='lat'><strong><em>262</em></strong></span> <span class='ocrx_word' id='word_1_2' title='bbox 411 169 674 224; x_wconf 74' lang='grc' dir='ltr'><strong><em>οοιωιωαυεωιε</em></strong></span> <span class='ocrx_word' id='word_1_3' title='bbox 691 169 861 234; x_wconf 66' lang='lat' dir='ltr'><strong><em>mmm.</em></strong></span> 
     </span>
    </p>
   </div>
   <div class='ocr_carea' id='block_1_2' title="bbox 74 301 1159 3372">
    <p class='ocr_par' dir='ltr' id='par_1_2' title="bbox 74 301 1159 3372">
     <span class='ocr_line' id='line_1_2' title="bbox 126 301 1144 400; baseline -0.001 -22"><span class='ocrx_word' id='word_1_4' title='bbox 126 301 156 394; x_wconf 76' lang='grc' dir='ltr'><strong><em>ξ·</em></strong></span> <span class='ocrx_word' id='word_1_5' title='bbox 184 309 205 400; x_wconf 80' lang='grc' dir='ltr'>ἢ</span> <span class='ocrx_word' id='word_1_6' title='bbox 234 309 298 400; x_wconf 77' lang='grc' dir='ltr'><strong><em>γὰρ</em></strong></span> <span class='ocrx_word' id='word_1_7' title='bbox 321 308 443 397; x_wconf 84' lang='grc' dir='ltr'><strong><em>μεταξὺ</em></strong></span> <span class='ocrx_word' id='word_1_8' title='bbox 465 313 533 379; x_wconf 88' lang='grc' dir='ltr'><strong><em>τών</em></strong></span> <span class='ocrx_word' id='word_1_9' title='bbox 556 316 596 396; x_wconf 88' lang='grc' dir='ltr'><strong><em>Β,</em></strong></span> <span class='ocrx_word' id='word_1_10' title='bbox 620 317 654 376; x_wconf 86' lang='grc' dir='ltr'><em>Δ</em></span> <span class='ocrx_word' id='word_1_11' title='bbox 676 305 697 397; x_wconf 79' lang='grc' dir='ltr'>ἢ</span> <span class='ocrx_word' id='word_1_12' title='bbox 721 311 773 378; x_wconf 80' lang='grc' dir='ltr'><strong><em>έπί</em></strong></span> <span class='ocrx_word' id='word_1_13' title='bbox 796 307 835 378; x_wconf 92' lang='grc' dir='ltr'><strong><em>τὸ</em></strong></span> <span class='ocrx_word' id='word_1_14' title='bbox 860 315 889 376; x_wconf 90' lang='grc' dir='ltr'><strong><em>Β</em></strong></span> <span class='ocrx_word' id='word_1_15' title='bbox 912 312 1023 377; x_wconf 91' lang='grc' dir='ltr'><strong><em>πίπτει</em></strong></span> <span class='ocrx_word' id='word_1_16' title='bbox 1046 304 1068 396; x_wconf 82' lang='grc' dir='ltr'>ἢ</span> <span class='ocrx_word' id='word_1_17' title='bbox 1093 335 1144 396; x_wconf 82' lang='grc' dir='ltr'><strong><em>με·</em></strong></span> 
     </span>
     <span class='ocr_line' id='line_1_3' title="bbox 127 411 1143 504; baseline -0.004 -17"><span class='ocrx_word' id='word_1_18' title='bbox 127 415 209 498; x_wconf 84' lang='grc' dir='ltr'><strong><em>ταξὺ</em></strong></span> <span class='ocrx_word' id='word_1_19' title='bbox 235 420 303 484; x_wconf 89' lang='grc' dir='ltr'><strong><em>τών</em></strong></span> <span class='ocrx_word' id='word_1_20' title='bbox 330 423 374 502; x_wconf 84' lang='grc' dir='ltr'><strong><em>Β,</em></strong></span> <span class='ocrx_word' id='word_1_21' title='bbox 404 423 431 483; x_wconf 92' lang='grc' dir='ltr'>Ζ</span> <span class='ocrx_word' id='word_1_22' title='bbox 458 411 479 504; x_wconf 77' lang='grc' dir='ltr'>ἢ</span> <span class='ocrx_word' id='word_1_23' title='bbox 508 416 562 484; x_wconf 83' lang='grc' dir='ltr'><strong><em>ἐπὶ</em></strong></span> <span class='ocrx_word' id='word_1_24' title='bbox 588 415 626 484; x_wconf 90' lang='grc' dir='ltr'><strong><em>τὸ</em></strong></span> <span class='ocrx_word' id='word_1_25' title='bbox 657 422 684 482; x_wconf 99' lang='grc' dir='ltr'>Ζ</span> <span class='ocrx_word' id='word_1_26' title='bbox 707 411 728 502; x_wconf 78' lang='grc' dir='ltr'>ἢ</span> <span class='ocrx_word' id='word_1_27' title='bbox 756 412 878 502; x_wconf 80' lang='grc' dir='ltr'><strong><em>μεταξὺ</em></strong></span> <span class='ocrx_word' id='word_1_28' title='bbox 905 425 974 483; x_wconf 87' lang='grc' dir='ltr'><strong><em>τών</em></strong></span> <span class='ocrx_word' id='word_1_29' title='bbox 999 422 1042 502; x_wconf 87' lang='grc' dir='ltr'><strong><em>Ζ,</em></strong></span> <span class='ocrx_word' id='word_1_30' title='bbox 1071 422 1104 483; x_wconf 94' lang='grc' dir='ltr'>Γ</span> <span class='ocrx_word' id='word_1_31' title='bbox 1124 414 1143 502; x_wconf 75' lang='grc' dir='ltr'><em>ἢ</em></span> 
     </span>
     <span class='ocr_line' id='line_1_4' title="bbox 128 518 1145 610; baseline -0.003 -19"><span class='ocrx_word' id='word_1_32' title='bbox 128 524 181 592; x_wconf 79' lang='grc' dir='ltr'><strong><em>ἐπὶ</em></strong></span> <span class='ocrx_word' id='word_1_33' title='bbox 207 522 245 591; x_wconf 90' lang='grc' dir='ltr'><strong><em>τὸ</em></strong></span> <span class='ocrx_word' id='word_1_34' title='bbox 275 528 308 590; x_wconf 99' lang='grc' dir='ltr'>Γ</span> <span class='ocrx_word' id='word_1_35' title='bbox 329 518 352 610; x_wconf 74' lang='grc' dir='ltr'><strong><em>ἢ</em></strong></span> <span class='ocrx_word' id='word_1_36' title='bbox 379 520 502 610; x_wconf 85' lang='grc' dir='ltr'><strong><em>μεταξὺ</em></strong></span> <span class='ocrx_word' id='word_1_37' title='bbox 528 523 597 590; x_wconf 88' lang='grc' dir='ltr'><strong><em>τών</em></strong></span> <span class='ocrx_word' id='word_1_38' title='bbox 619 526 662 607; x_wconf 89' lang='grc' dir='ltr'><strong><em>Γ,</em></strong></span> <span class='ocrx_word' id='word_1_39' title='bbox 686 530 731 588; x_wconf 93' lang='lat' dir='ltr'><strong><em>A·</em></strong></span> <span class='ocrx_word' id='word_1_40' title='bbox 759 521 815 588; x_wconf 80' lang='grc' dir='ltr'><strong><em>καὶ</em></strong></span> <span class='ocrx_word' id='word_1_41' title='bbox 843 520 896 588; x_wconf 80' lang='grc' dir='ltr'><strong><em>έτὶ</em></strong></span> <span class='ocrx_word' id='word_1_42' title='bbox 923 521 1057 590; x_wconf 82' lang='grc' dir='ltr'><strong><em>τούτων</em></strong></span> <span class='ocrx_word' id='word_1_43' title='bbox 1080 525 1145 590; x_wconf 86' lang='grc' dir='ltr'><strong><em>τών</em></strong></span> 
     </span>
     <span class='ocr_line' id='line_1_5' title="bbox 127 625 1159 716; baseline -0.003 -19"><span class='ocrx_word' id='word_1_44' title='bbox 127 628 286 697; x_wconf 89' lang='grc' dir='ltr'><strong><em>πτώσεων</em></strong></span> <span class='ocrx_word' id='word_1_45' title='bbox 314 634 491 716; x_wconf 80' lang='grc' dir='ltr'><strong><em>συμβαίνει</em></strong></span> <span class='ocrx_word' id='word_1_46' title='bbox 518 626 580 715; x_wconf 77' lang='grc' dir='ltr'><strong><em>τὴν</em></strong></span> <span class='ocrx_word' id='word_1_47' title='bbox 609 625 779 716; x_wconf 77' lang='grc' dir='ltr'><strong><em>ὃιαφορών</em></strong></span> <span class='ocrx_word' id='word_1_48' title='bbox 806 630 874 695; x_wconf 86' lang='grc' dir='ltr'><strong><em>τών</em></strong></span> <span class='ocrx_word' id='word_1_49' title='bbox 902 632 1018 713; x_wconf 88' lang='grc' dir='ltr'>ΛΒΓ,</span> <span class='ocrx_word' id='word_1_50' title='bbox 1041 631 1149 695; x_wconf 86' lang='grc' dir='ltr'><strong><em>ΗΘΚ</em></strong></span> <span class='ocrx_word' id='word_1_51' title='bbox 1154 656 1159 666; x_wconf 94' lang='grc'>·</span> 
     </span>
     <span class='ocr_line' id='line_1_6' title="bbox 93 730 1143 824; baseline -0.005 -18"><span class='ocrx_word' id='word_1_52' title='bbox 93 757 109 806; x_wconf 81' lang='lat'><strong>5</strong></span> <span class='ocrx_word' id='word_1_53' title='bbox 127 736 303 824; x_wconf 78' lang='grc' dir='ltr'><strong><em>τριγώνων</em></strong></span> <span class='ocrx_word' id='word_1_54' title='bbox 321 736 495 823; x_wconf 80' lang='grc' dir='ltr'><strong><em>κατωτέρω</em></strong></span> <span class='ocrx_word' id='word_1_55' title='bbox 514 738 740 803; x_wconf 76' lang='grc' dir='ltr'><strong><em>συνίστασθαι</em></strong></span> <span class='ocrx_word' id='word_1_56' title='bbox 758 743 817 820; x_wconf 83' lang='grc' dir='ltr'><strong><em>τῆς</em></strong></span> <span class='ocrx_word' id='word_1_57' title='bbox 834 739 902 800; x_wconf 91' lang='grc' dir='ltr'><strong><em>ΑΒ</em></strong></span> <span class='ocrx_word' id='word_1_58' title='bbox 920 730 1059 814; x_wconf 75' lang='grc' dir='ltr'><strong><em>εὐθείας</em></strong></span> <span class='ocrx_word' id='word_1_59' title='bbox 1080 731 1143 802; x_wconf 82' lang='grc' dir='ltr'><strong><em>ὑπὸ</em></strong></span> 
     </span>
     <span class='ocr_line' id='line_1_7' title="bbox 127 842 547 930; baseline -0.005 -20"><span class='ocrx_word' id='word_1_60' title='bbox 127 846 186 930; x_wconf 76' lang='grc' dir='ltr'><strong><em>τῆς</em></strong></span> <span class='ocrx_word' id='word_1_61' title='bbox 209 847 278 910; x_wconf 90' lang='grc' dir='ltr'>ΛΓ</span> <span class='ocrx_word' id='word_1_62' title='bbox 296 842 547 928; x_wconf 77' lang='grc' dir='ltr'><strong><em>έκβαῖλομένῃς.</em></strong></span> 
     </span>
     <span class='ocr_line' id='line_1_8' title="bbox 195 945 1145 1034; baseline -0.002 -18"><span class='ocrx_word' id='word_1_63' title='bbox 195 946 255 1017; x_wconf 83' lang='grc' dir='ltr'><strong><em>ἐὰν</em></strong></span> <span class='ocrx_word' id='word_1_64' title='bbox 279 946 377 1016; x_wconf 78' lang='grc' dir='ltr'><strong><em>δὲτὸ</em></strong></span> <span class='ocrx_word' id='word_1_65' title='bbox 400 954 439 1013; x_wconf 94' lang='grc' dir='ltr'><em>Η</em></span> <span class='ocrx_word' id='word_1_66' title='bbox 457 947 510 1014; x_wconf 80' lang='grc' dir='ltr'><strong><em>ἐπὶ</em></strong></span> <span class='ocrx_word' id='word_1_67' title='bbox 532 945 573 1013; x_wconf 79' lang='grc' dir='ltr'><strong><em>τὰ</em></strong></span> <span class='ocrx_word' id='word_1_68' title='bbox 597 947 692 1034; x_wconf 86' lang='grc' dir='ltr'><strong><em>έτερα</em></strong></span> <span class='ocrx_word' id='word_1_69' title='bbox 715 947 797 1034; x_wconf 87' lang='grc' dir='ltr'><strong><em>μέρῃ</em></strong></span> <span class='ocrx_word' id='word_1_70' title='bbox 817 948 934 1034; x_wconf 75' lang='grc' dir='ltr'><strong><em>ληφθῇ</em></strong></span> <span class='ocrx_word' id='word_1_71' title='bbox 952 948 1013 1032; x_wconf 77' lang='grc' dir='ltr'><strong><em>τῆς</em></strong></span> <span class='ocrx_word' id='word_1_72' title='bbox 1030 957 1145 1034; x_wconf 78' lang='grc' dir='ltr'><strong><em>τομῆς,</em></strong></span> 
     </span>
     <span class='ocr_line' id='line_1_9' title="bbox 127 1050 1145 1142; baseline 0 -21"><span class='ocrx_word' id='word_1_73' title='bbox 127 1054 183 1122; x_wconf 80' lang='grc' dir='ltr'><strong><em>καὶ</em></strong></span> <span class='ocrx_word' id='word_1_74' title='bbox 210 1053 231 1141; x_wconf 83' lang='grc' dir='ltr'><em>ἡ</em></span> <span class='ocrx_word' id='word_1_75' title='bbox 259 1052 325 1123; x_wconf 80' lang='grc' dir='ltr'><strong><em>ἆτὸ</em></strong></span> <span class='ocrx_word' id='word_1_76' title='bbox 353 1064 414 1123; x_wconf 86' lang='grc' dir='ltr'><strong><em>τοῦ</em></strong></span> <span class='ocrx_word' id='word_1_77' title='bbox 443 1061 479 1123; x_wconf 88' lang='grc' dir='ltr'><em>Η</em></span> <span class='ocrx_word' id='word_1_78' title='bbox 504 1057 543 1142; x_wconf 76' lang='grc' dir='ltr'><strong><em>τῇ</em></strong></span> <span class='ocrx_word' id='word_1_79' title='bbox 569 1059 631 1119; x_wconf 88' lang='grc' dir='ltr'><strong><em>ΕΖ</em></strong></span> <span class='ocrx_word' id='word_1_80' title='bbox 658 1050 870 1140; x_wconf 77' lang='grc' dir='ltr'><strong><em>παράλληλος</em></strong></span> <span class='ocrx_word' id='word_1_81' title='bbox 897 1050 1020 1138; x_wconf 81' lang='grc' dir='ltr'><strong><em>μεταξὺ</em></strong></span> <span class='ocrx_word' id='word_1_82' title='bbox 1044 1058 1145 1142; x_wconf 90' lang='grc' dir='ltr'><strong><em>πίττῃ</em></strong></span> 
     </span>
     <span class='ocr_line' id='line_1_10' title="bbox 126 1155 1146 1247; baseline 0.001 -21"><span class='ocrx_word' id='word_1_83' title='bbox 126 1164 196 1228; x_wconf 88' lang='grc' dir='ltr'><strong><em>τών</em></strong></span> <span class='ocrx_word' id='word_1_84' title='bbox 220 1166 264 1247; x_wconf 90' lang='grc' dir='ltr'><strong><em>Β,</em></strong></span> <span class='ocrx_word' id='word_1_85' title='bbox 288 1167 330 1247; x_wconf 91' lang='grc' dir='ltr'><strong><em>Ζ,</em></strong></span> <span class='ocrx_word' id='word_1_86' title='bbox 355 1159 597 1247; x_wconf 73' lang='grc' dir='ltr'><strong><em>ἐκβληθήσεται</em></strong></span> <span class='ocrx_word' id='word_1_87' title='bbox 621 1157 682 1246; x_wconf 76' lang='grc' dir='ltr'><strong><em>μὲν</em></strong></span> <span class='ocrx_word' id='word_1_88' title='bbox 707 1158 763 1225; x_wconf 79' lang='grc' dir='ltr'><strong><em>διὰ</em></strong></span> <span class='ocrx_word' id='word_1_89' title='bbox 782 1158 845 1244; x_wconf 77' lang='grc' dir='ltr'><strong><em>τὴν</em></strong></span> <span class='ocrx_word' id='word_1_90' title='bbox 869 1155 1059 1246; x_wconf 79' lang='grc' dir='ltr'><strong><em>ἀπόδειξιν,</em></strong></span> <span class='ocrx_word' id='word_1_91' title='bbox 1088 1161 1146 1239; x_wconf 80' lang='grc' dir='ltr'><strong><em>ἕως</em></strong></span> 
     </span>
     <span class='ocr_line' id='line_1_11' title="bbox 77 1257 1146 1355; baseline -0.001 -20"><span class='ocrx_word' id='word_1_92' title='bbox 77 1287 110 1337; x_wconf 84' lang='grc'><strong><em>10</em></strong></span> <span class='ocrx_word' id='word_1_93' title='bbox 129 1257 170 1333; x_wconf 85' lang='grc' dir='ltr'><strong><em>οὗ</em></strong></span> <span class='ocrx_word' id='word_1_94' title='bbox 197 1268 277 1355; x_wconf 87' lang='grc' dir='ltr'><strong><em>τέμῃ</em></strong></span> <span class='ocrx_word' id='word_1_95' title='bbox 307 1265 371 1354; x_wconf 84' lang='grc' dir='ltr'><strong><em>τὴν</em></strong></span> <span class='ocrx_word' id='word_1_96' title='bbox 395 1272 473 1353; x_wconf 91' lang='grc' dir='ltr'>ΛΓ,</span> <span class='ocrx_word' id='word_1_97' title='bbox 501 1265 539 1334; x_wconf 89' lang='grc' dir='ltr'><strong><em>τὸ</em></strong></span> <span class='ocrx_word' id='word_1_98' title='bbox 567 1266 605 1333; x_wconf 78' lang='grc' dir='ltr'><strong><em>δὲ</em></strong></span> <span class='ocrx_word' id='word_1_99' title='bbox 634 1271 663 1332; x_wconf 79' lang='grc' dir='ltr'>Θ</span> <span class='ocrx_word' id='word_1_100' title='bbox 690 1278 830 1351; x_wconf 83' lang='grc' dir='ltr'><strong><em>σημεῖον</em></strong></span> <span class='ocrx_word' id='word_1_101' title='bbox 853 1265 986 1351; x_wconf 80' lang='grc' dir='ltr'><strong><em>ποιήσει</em></strong></span> <span class='ocrx_word' id='word_1_102' title='bbox 1008 1263 1146 1346; x_wconf 75' lang='grc' dir='ltr'><strong><em>πτώσεις</em></strong></span> 
     </span>
     <span class='ocr_line' id='line_1_12' title="bbox 128 1359 1146 1460; baseline 0.001 -20"><span class='ocrx_word' id='word_1_103' title='bbox 128 1359 188 1458; x_wconf 70' lang='grc' dir='ltr'><em>ξῆ</em></span> <span class='ocrx_word' id='word_1_104' title='bbox 214 1371 336 1457; x_wconf 83' lang='grc' dir='ltr'><strong><em>μεταξὺ</em></strong></span> <span class='ocrx_word' id='word_1_105' title='bbox 360 1368 400 1441; x_wconf 83' lang='grc' dir='ltr'><strong><em>ὂν</em></strong></span> <span class='ocrx_word' id='word_1_106' title='bbox 423 1376 491 1440; x_wconf 85' lang='grc' dir='ltr'><strong><em>τών</em></strong></span> <span class='ocrx_word' id='word_1_107' title='bbox 512 1378 550 1460; x_wconf 90' lang='grc' dir='ltr'><strong><em>Β,</em></strong></span> <span class='ocrx_word' id='word_1_108' title='bbox 570 1379 598 1439; x_wconf 91' lang='grc' dir='ltr'>Ζ</span> <span class='ocrx_word' id='word_1_109' title='bbox 620 1368 641 1458; x_wconf 76' lang='grc' dir='ltr'>ἢ</span> <span class='ocrx_word' id='word_1_110' title='bbox 665 1371 718 1438; x_wconf 83' lang='grc' dir='ltr'><strong><em>ἐπὶ</em></strong></span> <span class='ocrx_word' id='word_1_111' title='bbox 740 1371 779 1439; x_wconf 88' lang='grc' dir='ltr'><strong><em>τὸ</em></strong></span> <span class='ocrx_word' id='word_1_112' title='bbox 799 1378 826 1438; x_wconf 92' lang='grc' dir='ltr'>Ζ</span> <span class='ocrx_word' id='word_1_113' title='bbox 844 1382 966 1439; x_wconf 89' lang='grc' dir='ltr'><strong><em>πῖπτον</em></strong></span> <span class='ocrx_word' id='word_1_114' title='bbox 984 1367 1006 1458; x_wconf 77' lang='grc' dir='ltr'>ἢ</span> <span class='ocrx_word' id='word_1_115' title='bbox 1025 1371 1146 1458; x_wconf 82' lang='grc' dir='ltr'><strong><em>μεταξὺ</em></strong></span> 
     </span>
     <span class='ocr_line' id='line_1_13' title="bbox 127 1473 1145 1566; baseline 0 -19"><span class='ocrx_word' id='word_1_116' title='bbox 127 1483 196 1547; x_wconf 88' lang='grc' dir='ltr'><strong><em>τών</em></strong></span> <span class='ocrx_word' id='word_1_117' title='bbox 225 1475 363 1566; x_wconf 90' lang='grc' dir='ltr'><strong><em>Ζ,Γῆ</em></strong></span> <span class='ocrx_word' id='word_1_118' title='bbox 393 1478 446 1546; x_wconf 80' lang='grc' dir='ltr'><strong><em>ἐπὶ</em></strong></span> <span class='ocrx_word' id='word_1_119' title='bbox 470 1480 508 1547; x_wconf 91' lang='grc' dir='ltr'><strong><em>τὸ</em></strong></span> <span class='ocrx_word' id='word_1_120' title='bbox 533 1485 566 1546; x_wconf 93' lang='grc' dir='ltr'><strong>Γ</strong></span> <span class='ocrx_word' id='word_1_121' title='bbox 588 1474 610 1564; x_wconf 78' lang='grc' dir='ltr'>ἢ</span> <span class='ocrx_word' id='word_1_122' title='bbox 633 1475 754 1564; x_wconf 76' lang='grc' dir='ltr'><strong><em>μεταξὺ</em></strong></span> <span class='ocrx_word' id='word_1_123' title='bbox 777 1480 846 1546; x_wconf 86' lang='grc' dir='ltr'><strong><em>τών</em></strong></span> <span class='ocrx_word' id='word_1_124' title='bbox 869 1483 912 1563; x_wconf 90' lang='grc' dir='ltr'><strong><em>Γ,</em></strong></span> <span class='ocrx_word' id='word_1_125' title='bbox 930 1484 964 1544; x_wconf 91' lang='grc' dir='ltr'><em>Α</em></span> <span class='ocrx_word' id='word_1_126' title='bbox 986 1473 1007 1564; x_wconf 81' lang='grc' dir='ltr'>ἢ</span> <span class='ocrx_word' id='word_1_127' title='bbox 1033 1479 1087 1547; x_wconf 80' lang='grc' dir='ltr'><strong><em>ἐπὶ</em></strong></span> <span class='ocrx_word' id='word_1_128' title='bbox 1108 1482 1145 1546; x_wconf 88' lang='grc' dir='ltr'><strong><em>τὸ</em></strong></span> 
     </span>
     <span class='ocr_line' id='line_1_14' title="bbox 128 1580 1145 1673; baseline -0.001 -21"><span class='ocrx_word' id='word_1_129' title='bbox 128 1593 160 1651; x_wconf 97' lang='lat' dir='ltr'><em>A</em></span> <span class='ocrx_word' id='word_1_130' title='bbox 188 1581 209 1670; x_wconf 78' lang='grc' dir='ltr'><em>ἢ</em></span> <span class='ocrx_word' id='word_1_131' title='bbox 238 1586 383 1672; x_wconf 81' lang='grc' dir='ltr'><strong><em>ἐξωτέρω</em></strong></span> <span class='ocrx_word' id='word_1_132' title='bbox 411 1594 474 1650; x_wconf 86' lang='grc' dir='ltr'><strong><em>τοῦ</em></strong></span> <span class='ocrx_word' id='word_1_133' title='bbox 502 1594 542 1650; x_wconf 94' lang='grc' dir='ltr'><strong><em>Α.</em></strong></span> <span class='ocrx_word' id='word_1_134' title='bbox 590 1580 650 1650; x_wconf 80' lang='grc' dir='ltr'><strong><em>ἐὰν</em></strong></span> <span class='ocrx_word' id='word_1_135' title='bbox 678 1583 716 1650; x_wconf 73' lang='grc' dir='ltr'><strong><em>δέ</em></strong></span> <span class='ocrx_word' id='word_1_136' title='bbox 743 1580 764 1670; x_wconf 81' lang='grc' dir='ltr'><em>ἡ</em></span> <span class='ocrx_word' id='word_1_137' title='bbox 788 1581 853 1651; x_wconf 82' lang='grc' dir='ltr'><strong><em>ἀπὸ</em></strong></span> <span class='ocrx_word' id='word_1_138' title='bbox 877 1585 939 1651; x_wconf 79' lang='grc' dir='ltr'><strong><em>τοῦ</em></strong></span> <span class='ocrx_word' id='word_1_139' title='bbox 961 1591 998 1651; x_wconf 91' lang='grc' dir='ltr'><em>Η</em></span> <span class='ocrx_word' id='word_1_140' title='bbox 1018 1595 1061 1673; x_wconf 77' lang='grc' dir='ltr'><strong><em>τῇ</em></strong></span> <span class='ocrx_word' id='word_1_141' title='bbox 1085 1590 1145 1651; x_wconf 86' lang='grc' dir='ltr'><strong><em>ΕΖ</em></strong></span> 
     </span>
     <span class='ocr_line' id='line_1_15' title="bbox 128 1686 1146 1778; baseline 0.001 -23"><span class='ocrx_word' id='word_1_142' title='bbox 128 1687 342 1777; x_wconf 76' lang='grc' dir='ltr'><strong><em>παράλληλος</em></strong></span> <span class='ocrx_word' id='word_1_143' title='bbox 364 1688 416 1756; x_wconf 78' lang='grc' dir='ltr'><strong><em>ἐπὶ</em></strong></span> <span class='ocrx_word' id='word_1_144' title='bbox 439 1687 477 1756; x_wconf 87' lang='grc' dir='ltr'><strong><em>τὸ</em></strong></span> <span class='ocrx_word' id='word_1_145' title='bbox 503 1695 530 1755; x_wconf 93' lang='grc' dir='ltr'>Ζ</span> <span class='ocrx_word' id='word_1_146' title='bbox 552 1694 665 1778; x_wconf 86' lang='grc' dir='ltr'><strong><em>πίττῃ,</em></strong></span> <span class='ocrx_word' id='word_1_147' title='bbox 689 1686 773 1757; x_wconf 87' lang='grc' dir='ltr'><strong><em>ώστε</em></strong></span> <span class='ocrx_word' id='word_1_148' title='bbox 796 1693 876 1777; x_wconf 87' lang='grc' dir='ltr'><strong><em>μίαν</em></strong></span> <span class='ocrx_word' id='word_1_149' title='bbox 900 1687 1041 1758; x_wconf 81' lang='grc' dir='ltr'><strong><em>εὐθεῖαν</em></strong></span> <span class='ocrx_word' id='word_1_150' title='bbox 1061 1687 1146 1758; x_wconf 74' lang='grc' dir='ltr'><strong><em>εἶναι</em></strong></span> 
     </span>
     <span class='ocr_line' id='line_1_16' title="bbox 76 1791 1145 1883; baseline 0.001 -20"><span class='ocrx_word' id='word_1_151' title='bbox 76 1813 108 1863; x_wconf 83' lang='grc'><strong><em>15</em></strong></span> <span class='ocrx_word' id='word_1_152' title='bbox 127 1793 189 1880; x_wconf 80' lang='grc' dir='ltr'><strong><em>τὴν</em></strong></span> <span class='ocrx_word' id='word_1_153' title='bbox 213 1800 330 1881; x_wconf 88' lang='grc' dir='ltr'><strong><em>ΕΖΗ,</em></strong></span> <span class='ocrx_word' id='word_1_154' title='bbox 357 1799 394 1862; x_wconf 92' lang='grc' dir='ltr'><strong><em>τὸ</em></strong></span> <span class='ocrx_word' id='word_1_155' title='bbox 418 1803 447 1863; x_wconf 78' lang='grc' dir='ltr'><strong>Θ</strong></span> <span class='ocrx_word' id='word_1_156' title='bbox 474 1809 613 1883; x_wconf 82' lang='grc' dir='ltr'><strong><em>σημεῖον</em></strong></span> <span class='ocrx_word' id='word_1_157' title='bbox 641 1794 773 1883; x_wconf 79' lang='grc' dir='ltr'><strong><em>ποιήσει</em></strong></span> <span class='ocrx_word' id='word_1_158' title='bbox 799 1797 941 1876; x_wconf 75' lang='grc' dir='ltr'><strong><em>πτώσεις</em></strong></span> <span class='ocrx_word' id='word_1_159' title='bbox 969 1803 997 1863; x_wconf 79' lang='grc' dir='ltr'><strong><em>ἓ·</em></strong></span> <span class='ocrx_word' id='word_1_160' title='bbox 1030 1791 1052 1883; x_wconf 82' lang='grc' dir='ltr'>ἢ</span> <span class='ocrx_word' id='word_1_161' title='bbox 1081 1795 1145 1883; x_wconf 80' lang='grc' dir='ltr'><strong><em>γὰρ</em></strong></span> 
     </span>
     <span class='ocr_line' id='line_1_17' title="bbox 128 1896 1143 1990; baseline 0.002 -21"><span class='ocrx_word' id='word_1_162' title='bbox 128 1898 249 1988; x_wconf 80' lang='grc' dir='ltr'><strong><em>μεταξὺ</em></strong></span> <span class='ocrx_word' id='word_1_163' title='bbox 275 1905 344 1970; x_wconf 87' lang='grc' dir='ltr'><strong><em>τών</em></strong></span> <span class='ocrx_word' id='word_1_164' title='bbox 368 1909 410 1989; x_wconf 93' lang='grc' dir='ltr'><strong><em>Ζ,</em></strong></span> <span class='ocrx_word' id='word_1_165' title='bbox 430 1908 461 1972; x_wconf 89' lang='grc' dir='ltr'>Γ</span> <span class='ocrx_word' id='word_1_166' title='bbox 478 1915 625 1972; x_wconf 79' lang='grc' dir='ltr'><strong><em>πεσεῖται</em></strong></span> <span class='ocrx_word' id='word_1_167' title='bbox 649 1896 669 1989; x_wconf 77' lang='grc' dir='ltr'>ἢ</span> <span class='ocrx_word' id='word_1_168' title='bbox 694 1902 746 1969; x_wconf 80' lang='grc' dir='ltr'><strong><em>έτί</em></strong></span> <span class='ocrx_word' id='word_1_169' title='bbox 769 1902 808 1970; x_wconf 89' lang='grc' dir='ltr'><strong><em>τὸ</em></strong></span> <span class='ocrx_word' id='word_1_170' title='bbox 833 1898 904 1989; x_wconf 76' lang='grc' dir='ltr'>Γῆ</span> <span class='ocrx_word' id='word_1_171' title='bbox 928 1901 1052 1990; x_wconf 81' lang='grc' dir='ltr'><strong><em>μεταξὺ</em></strong></span> <span class='ocrx_word' id='word_1_172' title='bbox 1075 1905 1143 1971; x_wconf 85' lang='grc' dir='ltr'><strong><em>τών</em></strong></span> 
     </span>
     <span class='ocr_line' id='line_1_18' title="bbox 128 2004 1145 2098; baseline 0.002 -24"><span class='ocrx_word' id='word_1_173' title='bbox 128 2013 170 2094; x_wconf 93' lang='grc' dir='ltr'><strong><em>Γ,</em></strong></span> <span class='ocrx_word' id='word_1_174' title='bbox 189 2017 221 2075; x_wconf 94' lang='grc' dir='ltr'><em>Α</em></span> <span class='ocrx_word' id='word_1_175' title='bbox 248 2004 269 2095; x_wconf 78' lang='grc' dir='ltr'><em>ἢ</em></span> <span class='ocrx_word' id='word_1_176' title='bbox 297 2008 350 2076; x_wconf 82' lang='grc' dir='ltr'><strong><em>ἐπὶ</em></strong></span> <span class='ocrx_word' id='word_1_177' title='bbox 377 2008 415 2076; x_wconf 90' lang='grc' dir='ltr'><strong><em>τὸ</em></strong></span> <span class='ocrx_word' id='word_1_178' title='bbox 439 2019 471 2077; x_wconf 98' lang='lat' dir='ltr'><em>A</em></span> <span class='ocrx_word' id='word_1_179' title='bbox 493 2007 514 2096; x_wconf 79' lang='grc' dir='ltr'>ἢ</span> <span class='ocrx_word' id='word_1_180' title='bbox 539 2010 684 2098; x_wconf 79' lang='grc' dir='ltr'><strong><em>ἐξωτέρω</em></strong></span> <span class='ocrx_word' id='word_1_181' title='bbox 708 2011 768 2076; x_wconf 80' lang='grc' dir='ltr'><strong><em>τοῦ</em></strong></span> <span class='ocrx_word' id='word_1_182' title='bbox 791 2017 831 2077; x_wconf 91' lang='lat' dir='ltr'><strong><em>A.</em></strong></span> <span class='ocrx_word' id='word_1_183' title='bbox 878 2008 938 2077; x_wconf 81' lang='grc' dir='ltr'><strong><em>ἐὰν</em></strong></span> <span class='ocrx_word' id='word_1_184' title='bbox 962 2007 1001 2076; x_wconf 74' lang='grc' dir='ltr'><strong><em>δέ</em></strong></span> <span class='ocrx_word' id='word_1_185' title='bbox 1023 2006 1045 2095; x_wconf 81' lang='grc' dir='ltr'><em>ἡ</em></span> <span class='ocrx_word' id='word_1_186' title='bbox 1070 2014 1145 2076; x_wconf 88' lang='grc' dir='ltr'><strong><em>ΗΚ</em></strong></span> 
     </span>
     <span class='ocr_line' id='line_1_19' title="bbox 128 2111 1142 2204; baseline 0.001 -22"><span class='ocrx_word' id='word_1_187' title='bbox 128 2112 250 2198; x_wconf 80' lang='grc' dir='ltr'><strong><em>μεταξὺ</em></strong></span> <span class='ocrx_word' id='word_1_188' title='bbox 275 2121 376 2204; x_wconf 89' lang='grc' dir='ltr'><strong><em>πίττῃ</em></strong></span> <span class='ocrx_word' id='word_1_189' title='bbox 404 2120 472 2184; x_wconf 85' lang='grc' dir='ltr'><strong><em>τών</em></strong></span> <span class='ocrx_word' id='word_1_190' title='bbox 501 2123 543 2202; x_wconf 92' lang='grc' dir='ltr'><strong><em>Ζ,</em></strong></span> <span class='ocrx_word' id='word_1_191' title='bbox 563 2123 606 2202; x_wconf 90' lang='grc' dir='ltr'><strong><em>Γ,</em></strong></span> <span class='ocrx_word' id='word_1_192' title='bbox 633 2114 671 2184; x_wconf 89' lang='grc' dir='ltr'><strong><em>τὸ</em></strong></span> <span class='ocrx_word' id='word_1_193' title='bbox 700 2122 729 2183; x_wconf 79' lang='grc' dir='ltr'>Θ</span> <span class='ocrx_word' id='word_1_194' title='bbox 750 2117 882 2202; x_wconf 79' lang='grc' dir='ltr'><strong><em>ποιήσει</em></strong></span> <span class='ocrx_word' id='word_1_195' title='bbox 905 2116 1047 2196; x_wconf 76' lang='grc' dir='ltr'><strong><em>πτώσεις</em></strong></span> <span class='ocrx_word' id='word_1_196' title='bbox 1068 2127 1099 2183; x_wconf 86' lang='grc' dir='ltr'><strong><em>“ε’·</em></strong></span> <span class='ocrx_word' id='word_1_197' title='bbox 1122 2111 1142 2200; x_wconf 78' lang='grc' dir='ltr'><em>ἢ</em></span> 
     </span>
     <span class='ocr_line' id='line_1_20' title="bbox 127 2217 1146 2309; baseline 0.002 -23"><span class='ocrx_word' id='word_1_198' title='bbox 127 2218 192 2309; x_wconf 78' lang='grc' dir='ltr'><strong><em>γὰρ</em></strong></span> <span class='ocrx_word' id='word_1_199' title='bbox 220 2220 342 2308; x_wconf 82' lang='grc' dir='ltr'><strong><em>μεταξὺ</em></strong></span> <span class='ocrx_word' id='word_1_200' title='bbox 368 2227 436 2290; x_wconf 82' lang='grc' dir='ltr'><strong><em>τῶν</em></strong></span> <span class='ocrx_word' id='word_1_201' title='bbox 466 2229 507 2308; x_wconf 91' lang='grc' dir='ltr'><strong><em>Ζ,</em></strong></span> <span class='ocrx_word' id='word_1_202' title='bbox 527 2228 559 2289; x_wconf 93' lang='grc' dir='ltr'>Γ</span> <span class='ocrx_word' id='word_1_203' title='bbox 577 2235 724 2289; x_wconf 80' lang='grc' dir='ltr'><strong><em>πεσεῖται</em></strong></span> <span class='ocrx_word' id='word_1_204' title='bbox 747 2217 768 2307; x_wconf 80' lang='grc' dir='ltr'><em>ἢ</em></span> <span class='ocrx_word' id='word_1_205' title='bbox 792 2221 845 2288; x_wconf 80' lang='grc' dir='ltr'><strong><em>ἐπὶ</em></strong></span> <span class='ocrx_word' id='word_1_206' title='bbox 867 2219 905 2290; x_wconf 90' lang='grc' dir='ltr'><strong><em>τὸ</em></strong></span> <span class='ocrx_word' id='word_1_207' title='bbox 930 2218 1001 2308; x_wconf 74' lang='grc' dir='ltr'><em>Γῆ</em></span> <span class='ocrx_word' id='word_1_208' title='bbox 1024 2220 1146 2308; x_wconf 82' lang='grc' dir='ltr'><strong><em>μεταξὺ</em></strong></span> 
     </span>
     <span class='ocr_line' id='line_1_21' title="bbox 75 2323 1145 2415; baseline 0.002 -22"><span class='ocrx_word' id='word_1_209' title='bbox 75 2344 110 2393; x_wconf 81' lang='lat'><strong><em>20</em></strong></span> <span class='ocrx_word' id='word_1_210' title='bbox 128 2330 197 2393; x_wconf 86' lang='grc' dir='ltr'><strong><em>τών</em></strong></span> <span class='ocrx_word' id='word_1_211' title='bbox 225 2333 265 2413; x_wconf 93' lang='grc' dir='ltr'><strong><em>Γ,</em></strong></span> <span class='ocrx_word' id='word_1_212' title='bbox 288 2337 321 2395; x_wconf 92' lang='lat' dir='ltr'><em>A</em></span> <span class='ocrx_word' id='word_1_213' title='bbox 348 2324 369 2414; x_wconf 79' lang='grc' dir='ltr'>ἢ</span> <span class='ocrx_word' id='word_1_214' title='bbox 398 2329 451 2396; x_wconf 78' lang='grc' dir='ltr'><strong><em>ἐπὶ</em></strong></span> <span class='ocrx_word' id='word_1_215' title='bbox 478 2326 515 2395; x_wconf 89' lang='grc' dir='ltr'><strong><em>τὸ</em></strong></span> <span class='ocrx_word' id='word_1_216' title='bbox 545 2338 578 2393; x_wconf 94' lang='grc' dir='ltr'><em>Α</em></span> <span class='ocrx_word' id='word_1_217' title='bbox 600 2323 621 2413; x_wconf 77' lang='grc' dir='ltr'><em>ἢ</em></span> <span class='ocrx_word' id='word_1_218' title='bbox 645 2327 791 2415; x_wconf 79' lang='grc' dir='ltr'><strong><em>ἐξωτέρω</em></strong></span> <span class='ocrx_word' id='word_1_219' title='bbox 813 2331 875 2396; x_wconf 84' lang='grc' dir='ltr'><strong><em>τοῦ</em></strong></span> <span class='ocrx_word' id='word_1_220' title='bbox 898 2336 938 2394; x_wconf 91' lang='lat' dir='ltr'><strong><em>A.</em></strong></span> <span class='ocrx_word' id='word_1_221' title='bbox 985 2329 1046 2395; x_wconf 80' lang='grc' dir='ltr'><strong><em>ἐὰν</em></strong></span> <span class='ocrx_word' id='word_1_222' title='bbox 1070 2325 1145 2414; x_wconf 75' lang='grc' dir='ltr'><strong><em>δέὴ</em></strong></span> 
     </span>
     <span class='ocr_line' id='line_1_22' title="bbox 127 2431 1145 2522; baseline 0.002 -24"><span class='ocrx_word' id='word_1_223' title='bbox 127 2436 202 2499; x_wconf 88' lang='grc' dir='ltr'><strong><em>ΗΚ</em></strong></span> <span class='ocrx_word' id='word_1_224' title='bbox 227 2434 279 2500; x_wconf 78' lang='grc' dir='ltr'><strong><em>ἐπὶ</em></strong></span> <span class='ocrx_word' id='word_1_225' title='bbox 308 2433 345 2501; x_wconf 87' lang='grc' dir='ltr'><strong><em>τὸ</em></strong></span> <span class='ocrx_word' id='word_1_226' title='bbox 376 2440 408 2501; x_wconf 94' lang='grc' dir='ltr'>Γ</span> <span class='ocrx_word' id='word_1_227' title='bbox 425 2435 565 2518; x_wconf 85' lang='grc' dir='ltr'><strong><em>κέντρον</em></strong></span> <span class='ocrx_word' id='word_1_228' title='bbox 593 2438 709 2522; x_wconf 92' lang='grc' dir='ltr'><strong><em>πίττῃ,</em></strong></span> <span class='ocrx_word' id='word_1_229' title='bbox 737 2431 774 2501; x_wconf 89' lang='grc' dir='ltr'><strong><em>τὸ</em></strong></span> <span class='ocrx_word' id='word_1_230' title='bbox 799 2441 828 2500; x_wconf 78' lang='grc' dir='ltr'>Β</span> <span class='ocrx_word' id='word_1_231' title='bbox 850 2444 989 2521; x_wconf 83' lang='grc' dir='ltr'><strong><em>σημεῖον</em></strong></span> <span class='ocrx_word' id='word_1_232' title='bbox 1012 2432 1145 2521; x_wconf 81' lang='grc' dir='ltr'><strong><em>ποιήσει</em></strong></span> 
     </span>
     <span class='ocr_line' id='line_1_23' title="bbox 128 2535 1144 2636; baseline 0.002 -30"><span class='ocrx_word' id='word_1_233' title='bbox 128 2538 268 2619; x_wconf 84' lang='grc' dir='ltr'><strong><em>πτώσεις</em></strong></span> <span class='ocrx_word' id='word_1_234' title='bbox 295 2553 383 2627; x_wconf 88' lang='grc' dir='ltr'><strong><em>τρεῖς</em></strong></span> <span class='ocrx_word' id='word_1_235' title='bbox 410 2535 431 2625; x_wconf 78' lang='grc' dir='ltr'><em>ἢ</em></span> <span class='ocrx_word' id='word_1_236' title='bbox 460 2536 581 2627; x_wconf 85' lang='grc' dir='ltr'><strong><em>μεταξὺ</em></strong></span> <span class='ocrx_word' id='word_1_237' title='bbox 607 2552 729 2607; x_wconf 88' lang='grc' dir='ltr'><strong><em>πῖπτον</em></strong></span> <span class='ocrx_word' id='word_1_238' title='bbox 756 2543 825 2608; x_wconf 90' lang='grc' dir='ltr'><strong><em>τών</em></strong></span> <span class='ocrx_word' id='word_1_239' title='bbox 854 2545 896 2626; x_wconf 96' lang='grc' dir='ltr'>Γ,</span> <span class='ocrx_word' id='word_1_240' title='bbox 919 2547 953 2607; x_wconf 92' lang='grc' dir='ltr'><em>Α</em></span> <span class='ocrx_word' id='word_1_241' title='bbox 980 2535 1001 2626; x_wconf 78' lang='grc' dir='ltr'><strong><em>ἢ</em></strong></span> <span class='ocrx_word' id='word_1_242' title='bbox 1030 2541 1085 2636; x_wconf 78' lang='grc' dir='ltr'><strong><em>ἐπὶ</em></strong></span> <span class='ocrx_word' id='word_1_243' title='bbox 1107 2538 1144 2610; x_wconf 83' lang='grc' dir='ltr'><strong><em>τὸ</em></strong></span> 
     </span>
     <span class='ocr_line' id='line_1_24' title="bbox 128 2641 1144 2733; baseline 0.003 -22"><span class='ocrx_word' id='word_1_244' title='bbox 128 2653 160 2711; x_wconf 98' lang='lat' dir='ltr'><em>A</em></span> <span class='ocrx_word' id='word_1_245' title='bbox 187 2641 208 2732; x_wconf 77' lang='grc' dir='ltr'><strong><em>ἢ</em></strong></span> <span class='ocrx_word' id='word_1_246' title='bbox 238 2646 382 2733; x_wconf 81' lang='grc' dir='ltr'><strong><em>ἐξωτέρω</em></strong></span> <span class='ocrx_word' id='word_1_247' title='bbox 410 2649 472 2714; x_wconf 85' lang='grc' dir='ltr'><strong><em>τοῦ</em></strong></span> <span class='ocrx_word' id='word_1_248' title='bbox 498 2654 544 2712; x_wconf 93' lang='lat' dir='ltr'><strong><em>A·</em></strong></span> <span class='ocrx_word' id='word_1_249' title='bbox 571 2645 627 2712; x_wconf 82' lang='grc' dir='ltr'><strong><em>καί</em></strong></span> <span class='ocrx_word' id='word_1_250' title='bbox 656 2645 709 2712; x_wconf 83' lang='grc' dir='ltr'><strong><em>ἐπὶ</em></strong></span> <span class='ocrx_word' id='word_1_251' title='bbox 737 2645 866 2713; x_wconf 83' lang='grc' dir='ltr'><strong><em>τούτων</em></strong></span> <span class='ocrx_word' id='word_1_252' title='bbox 893 2649 961 2714; x_wconf 83' lang='grc' dir='ltr'><strong><em>τών</em></strong></span> <span class='ocrx_word' id='word_1_253' title='bbox 984 2649 1144 2715; x_wconf 89' lang='grc' dir='ltr'><strong><em>πτώσεων</em></strong></span> 
     </span>
     <span class='ocr_line' id='line_1_25' title="bbox 129 2748 1144 2838; baseline 0.003 -22"><span class='ocrx_word' id='word_1_254' title='bbox 129 2753 333 2838; x_wconf 84' lang='grc' dir='ltr'><strong><em>συμβήσεται</em></strong></span> <span class='ocrx_word' id='word_1_255' title='bbox 359 2751 461 2820; x_wconf 80' lang='grc' dir='ltr'><strong><em>πάλιν</em></strong></span> <span class='ocrx_word' id='word_1_256' title='bbox 489 2748 526 2819; x_wconf 89' lang='grc' dir='ltr'><strong><em>τὸ</em></strong></span> <span class='ocrx_word' id='word_1_257' title='bbox 553 2755 662 2818; x_wconf 81' lang='grc' dir='ltr'><strong><em>ΗΘΚ</em></strong></span> <span class='ocrx_word' id='word_1_258' title='bbox 688 2756 856 2838; x_wconf 85' lang='grc' dir='ltr'><strong><em>τρίγωνον</em></strong></span> <span class='ocrx_word' id='word_1_259' title='bbox 884 2761 960 2820; x_wconf 88' lang='grc' dir='ltr'><strong><em>ίσον</em></strong></span> <span class='ocrx_word' id='word_1_260' title='bbox 987 2757 1144 2838; x_wconf 81' lang='grc' dir='ltr'><strong><em>γίνεσθαι</em></strong></span> 
     </span>
     <span class='ocr_line' id='line_1_26' title="bbox 74 2853 1144 2948; baseline 0.007 -28"><span class='ocrx_word' id='word_1_261' title='bbox 74 2873 109 2921; x_wconf 76' lang='lat'><strong><em>25</em></strong></span> <span class='ocrx_word' id='word_1_262' title='bbox 128 2860 173 2948; x_wconf 80' lang='grc' dir='ltr'><strong><em>τῷ</em></strong></span> <span class='ocrx_word' id='word_1_263' title='bbox 198 2863 299 2924; x_wconf 91' lang='grc' dir='ltr'>ΛΒΓ</span> <span class='ocrx_word' id='word_1_264' title='bbox 316 2856 478 2948; x_wconf 76' lang='grc' dir='ltr'><strong><em>τριγώνῳ.</em></strong></span> <span class='ocrx_word' id='word_1_265' title='bbox 524 2856 584 2926; x_wconf 79' lang='grc' dir='ltr'><strong><em>ἐὰν</em></strong></span> <span class='ocrx_word' id='word_1_266' title='bbox 607 2856 646 2925; x_wconf 73' lang='grc' dir='ltr'><strong><em>δὲ</em></strong></span> <span class='ocrx_word' id='word_1_267' title='bbox 667 2853 688 2945; x_wconf 78' lang='grc' dir='ltr'><em>ἡ</em></span> <span class='ocrx_word' id='word_1_268' title='bbox 711 2861 785 2924; x_wconf 88' lang='grc' dir='ltr'><strong><em>ΗΚ</em></strong></span> <span class='ocrx_word' id='word_1_269' title='bbox 807 2859 929 2944; x_wconf 85' lang='grc' dir='ltr'><strong><em>μεταξὺ</em></strong></span> <span class='ocrx_word' id='word_1_270' title='bbox 951 2864 1053 2947; x_wconf 89' lang='grc' dir='ltr'><strong><em>πίττῃ</em></strong></span> <span class='ocrx_word' id='word_1_271' title='bbox 1077 2864 1144 2927; x_wconf 85' lang='grc' dir='ltr'><strong><em>τών</em></strong></span> 
     </span>
     <span class='ocr_line' id='line_1_27' title="bbox 129 2961 1143 3052; baseline 0.004 -23"><span class='ocrx_word' id='word_1_272' title='bbox 129 2969 171 3048; x_wconf 93' lang='grc' dir='ltr'>Γ,</span> <span class='ocrx_word' id='word_1_273' title='bbox 191 2971 238 3049; x_wconf 90' lang='grc' dir='ltr'><strong><em>Α,</em></strong></span> <span class='ocrx_word' id='word_1_274' title='bbox 266 2965 304 3031; x_wconf 86' lang='grc' dir='ltr'><strong><em>τὸ</em></strong></span> <span class='ocrx_word' id='word_1_275' title='bbox 334 2972 363 3032; x_wconf 80' lang='grc' dir='ltr'>Θ</span> <span class='ocrx_word' id='word_1_276' title='bbox 390 2977 528 3050; x_wconf 83' lang='grc' dir='ltr'><strong><em>σημεῖον</em></strong></span> <span class='ocrx_word' id='word_1_277' title='bbox 556 2961 577 3051; x_wconf 79' lang='grc' dir='ltr'><em>ἢ</em></span> <span class='ocrx_word' id='word_1_278' title='bbox 605 2963 727 3052; x_wconf 84' lang='grc' dir='ltr'><strong><em>μεταξὺ</em></strong></span> <span class='ocrx_word' id='word_1_279' title='bbox 749 2968 817 3033; x_wconf 83' lang='grc' dir='ltr'><strong><em>τών</em></strong></span> <span class='ocrx_word' id='word_1_280' title='bbox 840 2971 879 3052; x_wconf 93' lang='grc' dir='ltr'>Γ,</span> <span class='ocrx_word' id='word_1_281' title='bbox 899 2974 931 3032; x_wconf 97' lang='lat' dir='ltr'><em>A</em></span> <span class='ocrx_word' id='word_1_282' title='bbox 953 2980 1100 3033; x_wconf 83' lang='grc' dir='ltr'><strong><em>πεσεῖται</em></strong></span> <span class='ocrx_word' id='word_1_283' title='bbox 1123 2961 1143 3051; x_wconf 78' lang='grc' dir='ltr'>ἢ</span> 
     </span>
     <span class='ocr_line' id='line_1_28' title="bbox 128 3065 659 3158; baseline 0.009 -24"><span class='ocrx_word' id='word_1_284' title='bbox 128 3068 181 3134; x_wconf 81' lang='grc' dir='ltr'><strong><em>ἐπὶ</em></strong></span> <span class='ocrx_word' id='word_1_285' title='bbox 204 3067 241 3136; x_wconf 87' lang='grc' dir='ltr'><strong><em>τὸ</em></strong></span> <span class='ocrx_word' id='word_1_286' title='bbox 264 3078 297 3136; x_wconf 93' lang='lat' dir='ltr'><em>A</em></span> <span class='ocrx_word' id='word_1_287' title='bbox 319 3065 340 3156; x_wconf 79' lang='grc' dir='ltr'>ἢ</span> <span class='ocrx_word' id='word_1_288' title='bbox 365 3072 510 3158; x_wconf 80' lang='grc' dir='ltr'><strong><em>ἐξωτέρω</em></strong></span> <span class='ocrx_word' id='word_1_289' title='bbox 534 3081 595 3139; x_wconf 85' lang='grc' dir='ltr'><strong><em>τοῦ</em></strong></span> <span class='ocrx_word' id='word_1_290' title='bbox 618 3079 659 3139; x_wconf 91' lang='lat' dir='ltr'><strong><em>A.</em></strong></span> 
     </span>
     <span class='ocr_line' id='line_1_29' title="bbox 195 3170 1144 3261; baseline 0.007 -21"><span class='ocrx_word' id='word_1_291' title='bbox 195 3181 371 3261; x_wconf 84' lang='grc' dir='ltr'><strong><em>συμβαίνει</em></strong></span> <span class='ocrx_word' id='word_1_292' title='bbox 396 3170 459 3244; x_wconf 75' lang='grc' dir='ltr'><strong><em>οὖν</em></strong></span> <span class='ocrx_word' id='word_1_293' title='bbox 482 3178 539 3244; x_wconf 77' lang='grc' dir='ltr'><strong><em>ἐπί</em></strong></span> <span class='ocrx_word' id='word_1_294' title='bbox 553 3204 644 3257; x_wconf 90' lang='grc' dir='ltr'><strong><em>τινος</em></strong></span> <span class='ocrx_word' id='word_1_295' title='bbox 663 3180 838 3259; x_wconf 76' lang='grc' dir='ltr'><strong><em>ἐλλείψεως</em></strong></span> <span class='ocrx_word' id='word_1_296' title='bbox 856 3178 916 3258; x_wconf 81' lang='grc' dir='ltr'><strong><em>τὰς</em></strong></span> <span class='ocrx_word' id='word_1_297' title='bbox 933 3176 1042 3258; x_wconf 80' lang='grc' dir='ltr'><strong><em>πάσας</em></strong></span> <span class='ocrx_word' id='word_1_298' title='bbox 1060 3176 1144 3247; x_wconf 92' lang='grc' dir='ltr'><strong><em>πτώ-</em></strong></span> 
     </span>
     <span class='ocr_line' id='line_1_30' title="bbox 131 3271 1146 3372; baseline 0.006 -26"><span class='ocrx_word' id='word_1_299' title='bbox 131 3299 200 3360; x_wconf 91' lang='grc' dir='ltr'><strong><em>σεις</em></strong></span> <span class='ocrx_word' id='word_1_300' title='bbox 228 3278 315 3349; x_wconf 80' lang='grc' dir='ltr'><strong><em>εἶναι</em></strong></span> <span class='ocrx_word' id='word_1_301' title='bbox 341 3271 387 3369; x_wconf 57' lang='lat' dir='ltr'><strong><em>{tf—3</em></strong></span> <span class='ocrx_word' id='word_1_302' title='bbox 409 3285 465 3351; x_wconf 81' lang='grc' dir='ltr'><strong><em>καί</em></strong></span> <span class='ocrx_word' id='word_1_303' title='bbox 488 3285 541 3352; x_wconf 81' lang='grc' dir='ltr'><strong><em>ἐπὶ</em></strong></span> <span class='ocrx_word' id='word_1_304' title='bbox 563 3287 622 3371; x_wconf 79' lang='grc' dir='ltr'><strong><em>τῆς</em></strong></span> <span class='ocrx_word' id='word_1_305' title='bbox 644 3287 705 3352; x_wconf 82' lang='grc' dir='ltr'><strong><em>τοῦ</em></strong></span> <span class='ocrx_word' id='word_1_306' title='bbox 727 3286 852 3352; x_wconf 81' lang='grc' dir='ltr'><strong><em>κύκλον</em></strong></span> <span class='ocrx_word' id='word_1_307' title='bbox 876 3283 914 3352; x_wconf 72' lang='grc' dir='ltr'><strong><em>δὲ</em></strong></span> <span class='ocrx_word' id='word_1_308' title='bbox 935 3289 1146 3372; x_wconf 84' lang='grc' dir='ltr'><strong><em>περιφερείας</em></strong></span> 
     </span>
    </p>
   </div>
   <div class='ocr_carea' id='block_1_3' title="bbox 130 3442 1143 3587">
    <p class='ocr_par' dir='ltr' id='par_1_3' title="bbox 130 3442 1143 3587">
     <span class='ocr_line' id='line_1_31' title="bbox 202 3442 1142 3514; baseline -0.001 -18"><span class='ocrx_word' id='word_1_309' title='bbox 202 3447 226 3496; x_wconf 83' lang='grc'><strong><em>5.</em></strong></span> <span class='ocrx_word' id='word_1_310' title='bbox 246 3442 309 3514; x_wconf 77' lang='grc' dir='ltr'><strong><em>τῆς]</em></strong></span> <span class='ocrx_word' id='word_1_311' title='bbox 330 3444 438 3514; x_wconf 83' lang='lat' dir='ltr'>scripsi,</span> <span class='ocrx_word' id='word_1_312' title='bbox 456 3442 508 3506; x_wconf 81' lang='grc' dir='ltr'><strong><em>τώς</em></strong></span> <span class='ocrx_word' id='word_1_313' title='bbox 525 3444 595 3514; x_wconf 90' lang='lat' dir='ltr'><strong><em>Wp.</em></strong></span> <span class='ocrx_word' id='word_1_314' title='bbox 660 3450 684 3499; x_wconf 88' lang='grc'><strong><em>6.</em></strong></span> <span class='ocrx_word' id='word_1_315' title='bbox 703 3445 775 3514; x_wconf 86' lang='grc' dir='ltr'>ΛΓ]</span> <span class='ocrx_word' id='word_1_316' title='bbox 795 3442 904 3513; x_wconf 82' lang='lat' dir='ltr'>scripsi,</span> <span class='ocrx_word' id='word_1_317' title='bbox 923 3448 972 3497; x_wconf 89' lang='lat' dir='ltr'><strong><em>AB</em></strong></span> <span class='ocrx_word' id='word_1_318' title='bbox 991 3443 1061 3513; x_wconf 87' lang='lat' dir='ltr'><strong><em>Wp.</em></strong></span> <span class='ocrx_word' id='word_1_319' title='bbox 1117 3448 1142 3496; x_wconf 82' lang='lat'><strong><em>8.</em></strong></span> 
     </span>
     <span class='ocr_line' id='line_1_32' title="bbox 130 3509 1143 3587; baseline 0 -19"><span class='ocrx_word' id='word_1_320' title='bbox 130 3513 230 3587; x_wconf 88' lang='grc' dir='ltr'><strong><em>πίττῃ]</em></strong></span> <span class='ocrx_word' id='word_1_321' title='bbox 251 3514 359 3586; x_wconf 84' lang='lat' dir='ltr'>scripsi,</span> <span class='ocrx_word' id='word_1_322' title='bbox 378 3518 475 3570; x_wconf 87' lang='grc' dir='ltr'><strong><em>πίπτει</em></strong></span> <span class='ocrx_word' id='word_1_323' title='bbox 493 3515 561 3583; x_wconf 88' lang='lat' dir='ltr'><strong><em>Wp.</em></strong></span> <span class='ocrx_word' id='word_1_324' title='bbox 655 3520 696 3570; x_wconf 89' lang='lat'><strong><em>10.</em></strong></span> <span class='ocrx_word' id='word_1_325' title='bbox 714 3514 785 3585; x_wconf 83' lang='grc' dir='ltr'>ΛΓ]</span> <span class='ocrx_word' id='word_1_326' title='bbox 804 3518 859 3568; x_wconf 85' lang='grc' dir='ltr'>ΑΓ</span> <span class='ocrx_word' id='word_1_327' title='bbox 873 3532 901 3583; x_wconf 88' lang='lat' dir='ltr'><strong><em>p.</em></strong></span> <span class='ocrx_word' id='word_1_328' title='bbox 995 3521 1036 3570; x_wconf 90' lang='lat'><strong><em>11.</em></strong></span> <span class='ocrx_word' id='word_1_329' title='bbox 1057 3509 1091 3570; x_wconf 83' lang='grc' dir='ltr'><strong><em>ὅν</em></strong></span> <span class='ocrx_word' id='word_1_330' title='bbox 1111 3542 1143 3556; x_wconf 90' lang='lat'>-</span> 
     </span>
    </p>
   </div>
   <div class='ocr_carea' id='block_1_4' title="bbox 0 0 1226 3892">
    <p class='ocr_par' dir='ltr' id='par_1_4' title="bbox 0 0 1226 3892">
     <span class='ocr_line' id='line_1_33' title="bbox 0 0 1226 3892; baseline 0 0"><span class='ocrx_word' id='word_1_331' title='bbox 0 0 1226 3892; x_wconf 95' lang='lat' dir='ltr'><strong><em> </em></strong></span> 
     </span>
    </p>
   </div>
  </div>
 </body>
</html>
