2444 3892
45 132 48 139 ·
168 122 231 187 160
447 125 709 179 COMMENTARIA
726 126 895 192 ANTIQUA.

232 267 277 351 β’.
294 261 403 333 Ἔστω
424 264 487 334 δύο
505 271 652 354 τρίγωνα
670 263 711 334 τὰ
730 273 840 354 ΑΒΓ,
854 274 955 336 ΔΕΖ
974 277 1048 349 ίσας
1064 274 1184 358 ἔχοντα

164 369 223 450 τὰς
241 381 283 456 A,
302 379 335 438 A
357 377 492 457 γωνίας,
516 380 591 440 ίσον
616 371 653 439 δὲ
677 377 760 442 ἔστω
782 373 821 442 τὸ
841 371 907 442 ὑπὸ
927 381 1026 443 ΒΑΓ
1043 381 1092 468 τῷ
1115 375 1181 446 ὑπὸ

164 483 279 543 ΒΑΖ·
304 477 354 544 ὅτι
377 477 492 546 καὶτὸ
516 484 683 565 τρίγωνον
706 482 752 571 τῳ
775 478 929 570 τριγώνῳ
954 482 1045 550 ἐστὶν
1068 491 1155 553 ἴσον.

230 581 392 669 ἤχθωσαν
419 582 558 652 κάθετοι
586 587 624 651 αί
649 591 732 669 ΒΗ,
752 593 827 653 ΒΘ·
860 591 952 654 ἔστιν
976 587 1056 674 ἄρα,
1087 586 1134 670 ὥς
1160 587 1181 676 ἡ

128 707 144 756 5
163 695 231 756 ΗΒ
255 688 338 774 πρὸς
361 688 422 777 τὴν
441 698 514 776 BA,
538 688 644 770 οὕτως
666 688 687 777 ἡ
707 699 770 759 ΒΘ
793 691 876 779 πρὸς
899 694 962 780 τὴν
981 701 1050 762 ΕΑ
1076 698 1180 780 [Buel.

163 797 291 884 V1‚4]·
323 797 378 862 καὶ
407 793 452 875 ώς
479 795 545 885 ἄρα
572 795 610 864 τὸ
633 793 699 864 ὑπὸ
722 803 803 884 ΒΗ,
933 845 966 901 Α

162 908 232 970 ΑΓ
253 900 336 989 πρὸς
359 900 396 970 τὸ
420 899 486 970 ὑπὸ
507 908 578 988 ΒΑ,
597 909 673 989 ΑΓ,
697 900 804 982 οὕτως

161 1007 199 1077 τὸ
236 1006 302 1076 ὑπὸ
331 1016 410 1095 ΒΘ,
437 1016 504 1076 ΑΖ
540 1009 624 1096 πρὸς
660 1011 697 1078 τὸ
735 1006 801 1077 ὑπὸ
877 888 1110 1195 Α

162 1113 807 1201 ΕΔτ.ιναιιτξ,ὡςτὸὺπὸΒιι,ΑΓ
853 1163 879 1218 B
1105 1080 1140 1139 Γ

110 1239 143 1286 10
161 1218 245 1306 πρὸς
271 1221 309 1288 τὸ
336 1218 402 1289 ὑπὸ
426 1229 500 1306 ΒΘ,
521 1230 600 1306 ΑΖ,
631 1220 736 1301 οὕτως
762 1224 800 1290 τὸ
994 1271 1012 1320 θ

161 1323 227 1393 ὑπὸ
261 1332 364 1394 ΒΑΓ
396 1325 479 1414 πρὸς
513 1326 551 1396 τὸ
589 1324 655 1394 ὑπὸ
689 1335 801 1396 ΕΑΖ.

162 1440 238 1499 ίσον
270 1433 310 1499 δέ
339 1435 429 1501 ἐστιν
460 1434 498 1500 τὸ
532 1431 596 1500 ὑπὸ
624 1439 729 1501 ΒΑΓ
755 1437 800 1525 τώ
885 1279 1176 1548 ΕΔ,

161 1535 226 1604 ὑπὸ
246 1545 362 1605 ΕΔΖ·
386 1547 461 1606 ἴσον
484 1537 550 1623 ἄρα
570 1540 660 1606 ἐστὶν
683 1540 738 1607 καὶ
761 1541 799 1608 τὸ

161 1641 226 1710 ὑπὸ
250 1651 329 1729 ΒΗ,
348 1651 417 1712 ΑΓ
439 1649 484 1738 τῷ
512 1643 577 1713 ὑπὸ
602 1652 676 1731 ΕΘ,
696 1653 772 1713 ΔΖ.
821 1643 905 1714 ἀλλὰ
932 1650 995 1714 τοῦ
1021 1647 1084 1733 μὲν
1110 1645 1175 1716 ὑπὸ

108 1766 141 1814 15
161 1757 239 1836 ΒΗ,
254 1757 324 1818 ΑΓ
341 1748 445 1838 ἥμισύ
469 1753 560 1820 ἐστιν
583 1753 619 1820 τὸ
642 1758 746 1819 ΑΒΓ
763 1757 941 1838 τρίγωνον,
963 1757 1026 1821 τοῦ
1050 1754 1089 1821 δὲ
1110 1751 1175 1822 ὑπὸ

159 1863 233 1941 ΒΘ,
249 1865 282 1923 A
288 1864 314 1923 Z
337 1856 440 1945 ἥμισύ
459 1861 548 1927 ἐστιν
567 1863 604 1927 τὸ
621 1865 722 1927 ΔΒΖ
739 1862 919 1945 τρίγωνον·
942 1858 1054 1927 καὶτὸ
1076 1866 1179 1929 ΑΒΓ

160 1961 226 2049 ἄρα
249 1969 418 2051 τρίγωνον
440 1970 486 2058 τῷ
510 1973 612 2033 ΔΕΖ
634 1964 788 2055 τριγώνῳ
812 1973 887 2032 ίσον
910 1966 1010 2032 ἐστίν.

228 2071 379 2159 φανερὸν
404 2073 462 2160 δή,
493 2073 544 2141 ὅτι
568 2070 687 2140 καὶτὰ
710 2074 812 2138 ὃιιτίᾶ
835 2067 947 2138 αὐτῶν
970 2079 1177 2159 παραλληλό-

160 2204 295 2265 γραμμα
319 2188 375 2246 ίσα
399 2180 497 2247 ἐστίν.

107 2319 141 2366 20
228 2301 270 2387 γ’.
303 2309 476 2390 Τρίγωνον
499 2299 538 2368 τὸ
557 2305 667 2385 ΑΒΓ,
690 2302 746 2368 καὶ
769 2300 980 2390 παράλληλος
1002 2299 1022 2388 ἡ
1043 2311 1113 2371 ΔΕ
1135 2309 1175 2394 τῇ

160 2412 238 2473 BF·
277 2405 328 2476 ὅτι
356 2411 460 2489 ἐστίν,
493 2403 537 2484 ώς
563 2406 601 2473 τὸ
630 2403 696 2472 ἀπὸ
726 2414 792 2473 BA
821 2408 905 2495 πρὸς
932 2405 969 2476 τὸ
999 2405 1063 2476 ιἰιτὸ
1093 2418 1175 2497 ΑΔ,

158 2509 265 2589 οὕτως
287 2510 325 2579 τὸ
344 2517 447 2579 ΑΒΓ
465 2516 632 2598 τρίγωνον
656 2508 739 2594 πρὸς
762 2511 800 2578 τὸ
825 2521 933 2580 ΑΛΒ
952 2520 1129 2601 τρίγωνον.

226 2616 295 2684 ἐπεὶ
323 2617 387 2704 γὰρ
411 2616 531 2703 ὅμοιόν
556 2618 646 2684 ἐστιν
669 2615 706 2684 τὸ
731 2623 835 2684 ΑΒΓ
981 2650 1015 2702 A

157 2727 325 2806 τρίγωνον
344 2726 389 2813 τῷ
405 2730 507 2789 ΑΔΕ
522 2721 687 2813 τριγώνῳ,
705 2722 744 2790 τὸ
765 2720 830 2808 ἄρα

105 2831 446 2914 25ΑΒΓτρίγωνον
468 2829 553 2917 πρὸς
574 2826 612 2895 τὸ
636 2836 742 2896 ΑΔΕ
761 2834 830 2917 τρί-
917 2833 949 2883 Δ
1078 2862 1088 2880 ι

158 2958 270 3019 γωνον
299 2938 499 3001 διπλασίονα
527 2935 631 3021 λόγον
657 2940 723 3020 ἔχει
746 2933 829 3024 ἥπερ
893 2720 1166 3062 ΑΓ

158 3039 260 3126 ἡΒΑ
277 3039 359 3126 πρὸς
374 3049 444 3107 ΑΛ
460 3042 632 3128 μίτραι,
649 3044 713 3124 19].
746 3039 829 3110 ται
859 3020 891 3067 ²²

158 3149 213 3215 καὶ
240 3148 278 3215 τὸ
303 3144 368 3215 ἀπὸ
392 3152 458 3214 ΒΑ
490 3146 573 3235 πρὸς
601 3145 638 3215 τὸ
662 3144 728 3214 ἀπὸ
753 3153 820 3214 ΑΔ
845 3151 1045 3216 διπλασίονα
1067 3150 1174 3238 λόγον

159 3259 223 3339 ἔχει
247 3252 330 3342 ἥπερ
350 3252 370 3340 ἡ
390 3261 451 3322 ΒΑ
473 3252 557 3342 πρὸς
574 3256 637 3340 τὴν
655 3260 735 3319 ΑΔ·
761 3257 852 3319 ἔστιν
875 3251 952 3342 ἄρα,
976 3251 1020 3334 ὡς
1042 3255 1080 3323 τὸ
1106 3255 1173 3327 ἀπὸ

158 3394 370 3404 ———.—--.

229 3471 253 3520 9.
274 3462 393 3535 ἐναλλάξ
412 3501 446 3511 -
468 3477 508 3525 11.
529 3467 624 3539 ΕΔΖ]
644 3482 698 3521 om.
713 3462 834 3522 Hulteeh
852 3480 916 3520 cum
934 3464 1055 3524 Halleio.
