2444 3892
122 137 143 199 4
518 134 685 188 Καμικόν
703 130 742 187 ε’.

121 281 202 365 γενῆ
229 275 361 355 τούτοις
388 272 501 354 ἁπλῶς
528 271 593 343 ὑπὸ
624 271 768 354 οὐδενὸς
792 274 985 362 νενοημένα
1009 272 1142 365 εὕρηκα

121 381 231 451 πάντα
254 380 292 449 δὲ
314 381 354 447 τὰ
377 382 555 467 λεχθέντα,
585 378 678 460 ὅσοις
705 376 768 448 ούιι
791 379 986 467 έντέτευχα,
1010 385 1143 450 πολλῶν

122 489 175 555 καὶ
200 491 361 555 ποικίλων
384 491 578 573 προσεδεῖτο
605 487 804 568 ξενιζόντων
827 486 1078 575 θεωρημάτων,
1101 479 1143 556 ὧν

123 592 161 661 τά
182 593 242 680 μὲν
261 600 397 660 πλείστα
417 592 570 679 τυγχάνω
591 595 628 660 έν
646 605 718 672 τοῖς
736 590 883 678 πρώτοις
895 592 988 680 τρισὶ
1003 599 1145 680 βιβλίοις

89 716 105 764 5
125 698 330 785 εἰιτεθειιιιύς,
353 699 393 768 τὰ
418 699 455 768 δὲ
478 701 577 768 λοιπδ
603 700 640 767 έν
663 697 781 790 τούτῳ.
826 701 930 768 ταῦτα
954 699 996 768 δὲ
1018 709 1146 788 θεωρη-

123 812 229 876 θέντα
253 812 368 894 χρείαν
394 806 513 892 ίιιανῆν
537 806 713 893 παρέχεται
735 803 818 892 πρός
835 831 870 874 τε
892 802 952 886 τὰς
976 811 1050 874 τῶν
1070 831 1145 895 προ-

124 913 304 1002 βλημάτων
328 915 506 991 συνθέσεις
528 912 583 979 καὶ
606 909 686 993 τοὺς
709 908 915 998 διορισμούς.
955 917 1147 1001 Νικοτέλης

124 1021 186 1109 μὲν
209 1019 274 1108 γάρ
300 1021 398 1088 ένειια
420 1023 479 1104 τῆς
501 1022 584 1106 πρὸς
606 1021 665 1085 τὸν
685 1017 835 1086 Κόνωνα
859 1022 1032 1107 διαφορᾶς
1052 1019 1146 1090 ούδε-

108 1132 206 1215 ,μίαν
234 1125 299 1195 ὑπὸ
328 1130 396 1194 τεόν
426 1127 461 1192 έιι
488 1128 549 1192 τοῦ
572 1123 736 1204 Κόνωνος
765 1120 960 1212 εὑρημένων
993 1130 1044 1206 εἰς
1074 1125 1148 1208 τοὺς

77 1247 109 1296 10
128 1231 326 1322 διορισμούς
349 1251 453 1319 φησιν
478 1236 636 1317 ἔρχεσθαι
659 1234 775 1318 χρείαν
799 1228 862 1299 ούιι
883 1229 1001 1318 ἀληθῆ
1026 1234 1148 1322 λέγων·

124 1342 180 1408 ιιαὶ
203 1339 267 1427 γὰρ
291 1343 322 1407 εί
344 1335 431 1416 ὅλως
453 1334 537 1404 ἀνευ
560 1336 689 1405 τούτων
710 1336 851 1406 δύναται
873 1336 957 1405 κατὰ
976 1340 1064 1420 τοὺς
1083 1345 1148 1409 διο-

126 1445 265 1534 ρισμοὺς
301 1443 548 1528 ἀποδίδοσθαι,
581 1440 667 1511 ἀλλά
698 1448 755 1511 τοί
783 1471 821 1530 γε
853 1440 898 1511 δι’
929 1440 1049 1514 αὐτῶν
1084 1453 1148 1516 ἔστι

125 1565 304 1621 κατανοεῖν
332 1549 591 1637 προχειρότερον
615 1554 705 1635 ένια,
734 1544 810 1619 οἷον
834 1551 886 1618 ότι
908 1557 1109 1640 πλεοναχῶς
1129 1549 1147 1640 ῆ

125 1660 338 1744 τοσαυταχῶς
357 1652 399 1724 ἀν
418 1657 562 1742 γένοιτο,
585 1656 640 1724 καὶ
659 1655 762 1724 πόλιν
784 1655 836 1726 ότι
855 1654 917 1725 ούιι
936 1652 980 1724 ἀν
999 1660 1146 1744 γένοιτο·

75 1778 108 1826 15
127 1760 148 1850 ῆ
174 1761 211 1830 δὲ
233 1763 371 1850 τοιαύτη
390 1761 581 1849 πρόγνωσις
600 1762 721 1850 ίιιανῆν
741 1761 901 1851 ἀφορμῆν
920 1764 1146 1850 συμβάλλεται

126 1873 209 1956 πρὸς
236 1867 295 1949 τάς
323 1871 484 1957 ζητῆσεις,
517 1871 573 1938 καὶ
604 1873 687 1957 πρὸς
716 1868 774 1948 τὰς
802 1866 983 1948 ἀναλύσεις
1012 1871 1053 1939 δὲ
1082 1877 1144 1941 τῶν

126 1979 312 2064 διορισμῶν
336 1974 501 2064 εύχρηστα
524 1975 563 2045 τά
583 1974 786 2063 θεωρήματά
805 1976 875 2044 ἐστι
893 1979 1008 2046 ταῦτα.
1046 1979 1145 2067 χωρὶς

127 2086 166 2154 δὲ
192 2090 251 2172 τῆς
277 2082 434 2170 τοιαύτης
461 2083 657 2170 εὐχρηστίας
692 2082 748 2149 καὶ
776 2079 822 2149 δι’
852 2078 954 2162 αύτδις
981 2082 1041 2163 τὰς
1071 2083 1144 2153 ἀπο

128 2192 246 2271 δείξεις
269 2188 344 2270 ἀξια
368 2196 459 2257 ἔσται
483 2187 664 2275 ἀποδοχῆς·
687 2187 827 2276 καὶγὰρ
847 2187 931 2256 ἀλλα
949 2188 1059 2258 πολλὰ
1081 2194 1143 2260 τῶν

76 2311 110 2359 20
130 2299 167 2364 ἐν
194 2311 265 2375 τοῖς
287 2297 464 2383 μαθήμασι
487 2295 543 2363 διά
568 2299 667 2363 τοῦτο
695 2295 750 2362 καὶ
775 2292 817 2362 ού
840 2293 885 2362 δι’
907 2293 988 2362 ἀλλο
1013 2322 1045 2363 τι
1069 2294 1142 2365 ἀπο-

129 2400 305 2488 δεχόμεθα.
645 2489 653 2511 Ι

618 2517 662 2557 α.

191 2614 269 2684 Ἐὰν
291 2614 405 2684 κείνου
428 2619 531 2703 τομῆς
554 2611 574 2700 ῆ
597 2613 725 2683 κύκλου
744 2620 957 2703 περιφερείας
975 2620 1095 2705 ληφθῇ
1112 2642 1142 2684 τι

129 2737 268 2810 σημεῖον
295 2721 403 2809 έιιτός,
430 2721 485 2790 καὶ
514 2718 571 2789 ἀπ’
599 2718 706 2790 αὐτοῦ
733 2725 773 2811 τῆ
802 2725 886 2809 τομῆ
914 2727 1143 2808 προσπίπτωσι

77 2843 111 2891 25
131 2829 194 2899 δύο
219 2827 367 2914 εὐθεῖαι,
396 2819 444 2896 όν
468 2824 489 2915 ἡ
514 2827 576 2914 μέν
599 2827 793 2916 ἐφάπτεται,
822 2828 842 2914 ῆ
869 2827 907 2896 δέ
928 2829 1040 2914 τέμνει
1063 2826 1143 2896 κατὰ

131 2937 194 3005 δύο
219 2949 355 3025 σημεῖα,
382 2933 438 3001 καὶ
462 2929 503 3001 δν
527 2938 593 3020 ἔχει
615 2932 719 3020 λόγον
744 2933 804 3020 όλη
828 2931 849 3021 ῆ
873 2937 1040 3021 τέμνουσα
1064 2938 1144 3023 πρὸς

129 3040 191 3129 τῆν
224 3044 317 3120 ἐντὸς
348 3037 673 3127 ἀπολαμβανομένην
701 3038 822 3127 μεταξὺ
855 3045 916 3108 τοῦ
943 3067 978 3108 τε
1006 3048 1145 3129 σημείου

130 3147 186 3213 καὶ
208 3152 268 3234 τῆς
290 3149 455 3234 γραμμῆς,
478 3150 600 3215 τοῦτον
622 3151 735 3235 τμηθῆ
760 3144 894 3233 ῆέντὸς
912 3144 1143 3236 ἀπολαμβανο-

205 3347 227 3394 1.
248 3336 371 3411 εύρηκ-
390 3341 424 3409 V,
444 3361 494 3410 ευρ
513 3358 607 3410 euan.;
631 3339 757 3412 ,εὕρηκα
776 3341 816 3397 sic
835 3342 864 3397 in
883 3343 1065 3413 apographo“
1090 3362 1143 3414 mg.

131 3428 167 3464 m.
187 3427 242 3465 rec.
316 3418 340 3468 3.
360 3415 512 3481 ποικίλλων
532 3412 565 3467 V.
644 3415 759 3480 ξενίζων
778 3413 833 3468 τῶν
853 3414 890 3482 V3
910 3431 979 3470 corr.
999 3430 1046 3484 cp.
1120 3421 1144 3470 9.

131 3477 199 3554 διιό]
225 3477 257 3536 ἐκ
276 3482 385 3550 Halley.
479 3481 523 3556 έν]
547 3479 604 3540 ύτιό
628 3486 739 3553 Ηε11ογ.
832 3490 872 3540 12.
895 3480 1095 3541 ἀποδίδδοθαι
1112 3485 1144 3540 V.
