2444 3892
116 138 231 194 LXXVI
484 138 763 191 PROLEGOMENA.

117 297 172 348 quo
190 278 310 348 incepit,
337 279 405 332 tune
429 294 482 346 ego
505 278 619 332 nomino
641 292 867 345 unamquamque
890 276 1018 333 duarum
1041 294 1132 349 snper·

116 358 251 427 doiorum,
270 375 339 426 quas
359 355 489 426 designat
507 357 582 410 linea
600 355 729 412 reuoluta
747 372 796 426 per
814 356 968 412 transitum
989 374 1089 427 suum,
1106 359 1133 414 et

116 453 302 506 unaquaeque
321 452 438 505 quarum
457 438 501 491 est
523 436 653 506 opposita
676 451 726 490 sue
744 435 869 506 compari
892 437 922 491 st
940 437 1133 508 susceptibilia

118 515 272 573 additionis
286 515 405 586 infinite,
420 532 483 571 oum
498 516 634 571 extractio
643 514 717 570 lines
730 517 807 570 reste
821 517 865 570 est
879 515 940 572 sins
954 517 1024 587 fine,
1041 535 1131 590 super·

91 596 209 653 oficiom
232 595 385 666 piramidis.
422 596 459 650 Et
481 595 594 650 nomino
617 596 754 664 punctum
776 595 860 650 fixum
885 599 974 666 eaput
999 599 1133 669 cuiusque

117 677 235 731 duarum
254 675 462 745 superficierum
486 674 604 730 duarum
622 672 799 744 piramidum.
836 673 873 730 Et
890 676 1010 733 nomino
1030 677 1134 735 lineam

117 757 235 824 restam,
257 773 329 825 quae
346 755 449 810 transit
467 770 517 824 por
535 755 590 809 hoo
608 756 743 824 punctum
763 757 793 810 et
809 772 860 825 per
877 758 1010 812 oestrum
1030 758 1134 828 οἰτοοΙὶ,

117 851 197 890 axem
215 835 370 905 piramidis.

188 916 226 970 Et
248 916 361 970 nomino
384 916 515 984 figuram,
543 931 627 982 quam
650 914 776 969 eontinet
797 912 917 969 oiroulus
942 917 972 970 et
992 916 1074 985 quod
1094 919 1136 973 aa

78 994 191 1050 winter
208 998 342 1064 punctum
362 994 463 1064 eapitis
482 994 511 1048 et
524 993 598 1049 inter
612 993 746 1048 circulum
761 993 796 1047 de
810 994 956 1062 superficie
969 995 1133 1065 piramidis,

116 1074 293 1144 piramidem.
329 1073 366 1129 Et
388 1074 503 1128 nomino
526 1074 673 1142 punctum,
702 1073 777 1141 quod
800 1073 843 1126 est
865 1073 953 1142 eaput
971 1077 1135 1146 superficiei

117 1154 272 1223 piramidis,
292 1155 378 1224 caput
395 1152 541 1221 piramidis
559 1153 669 1208 iterum.
702 1152 739 1206 Et
757 1151 870 1207 nomino
888 1151 997 1209 lineam
1016 1158 1135 1225 restam,

117 1251 189 1303 quae
207 1233 382 1304 protrahitur
400 1250 434 1287 er
452 1231 545 1301 capite
564 1232 710 1302 piramidis
730 1231 767 1286 ad
780 1233 906 1288 eentum
920 1230 1033 1304 ououli,
1053 1252 1135 1292 axem

116 1315 273 1383 piramidis.
309 1315 347 1368 Et
364 1311 478 1367 nomino
498 1311 635 1366 circulum
652 1311 743 1367 basim
761 1310 915 1381 piramidis.

77 1407 104 1448 ιο
188 1395 226 1449 Et
242 1395 356 1448 nomino
375 1392 539 1462 piramidem
555 1392 762 1461 orthogoniam,
780 1409 844 1446 eum
858 1392 918 1446 eius
932 1391 993 1446 axis
1012 1395 1135 1464 erigitur

117 1490 201 1543 super
218 1474 307 1542 ipsius
325 1472 416 1527 hasim
431 1472 582 1526 seeundum
595 1473 688 1528 reatos
703 1471 830 1541 angulos.
858 1471 896 1526 Et
908 1471 1026 1527 nomino
1041 1473 1134 1543 ipsam

116 1553 262 1618 decliuem,
282 1551 393 1621 quando
407 1567 464 1604 non
478 1552 521 1604 est
535 1550 595 1606 eius
610 1552 670 1606 axis
685 1551 792 1606 erectus
807 1549 1034 1621 orthogonaliter
1048 1571 1135 1624 super

115 1631 203 1700 ipsius
221 1629 320 1687 basim.

186 1709 305 1764 Etcum
325 1724 342 1762 a
359 1711 464 1777 puncto
484 1709 574 1763 omnis
591 1710 666 1766 linee
684 1709 811 1779 munani,
831 1725 903 1778 quae
922 1712 966 1765 est
982 1707 1016 1764 in
1036 1728 1132 1783 saper·

76 1801 102 1842 ao
117 1787 178 1842 fioie
197 1805 253 1842 una
270 1788 363 1857 plana,
382 1787 559 1856 protrahitur
571 1789 601 1844 in
615 1787 674 1845 eius
689 1788 833 1858 superficie
848 1788 923 1842 linea
937 1787 1038 1858 aliqua
1052 1794 1133 1847 reots

116 1884 213 1923 secans
233 1884 329 1923 omnes
353 1865 455 1936 lineas,
484 1885 557 1938 quae
579 1869 782 1938 protrahuntur
809 1868 838 1922 in
860 1868 936 1923 linea
959 1869 1081 1925 munani
1104 1874 1133 1927 et

115 1966 232 2016 quarum
256 1949 446 2004 extremitates
471 1948 507 2002 ad
531 1966 605 2017 eam,
635 1952 664 2004 et
688 1950 731 2004 est
753 1947 928 2016 equidistans
948 1946 1025 2003 linae
1044 1949 1132 2005 alicui

115 2028 218 2098 posite,
246 2027 277 2082 in
300 2029 355 2082 duo
374 2029 468 2083 media
490 2030 519 2081 st
543 2028 722 2094 dromedis,
750 2030 818 2083 tuno
841 2043 894 2095 ego
912 2025 1030 2081 nomino
1049 2027 1132 2083 illam

115 2107 219 2164 lineam
238 2108 344 2164 restam
364 2105 530 2162 diametrum
551 2106 627 2160 illius
646 2106 720 2162 linea
739 2105 863 2164 munaai.
892 2103 930 2161 Iit
947 2105 1064 2162 nomino
1084 2126 1130 2164 ex·

75 2196 102 2238 ss
116 2188 289 2242 tremitatem
311 2186 387 2241 illius
411 2186 485 2242 lines
507 2187 596 2254 reete,
624 2203 696 2255 quae
719 2189 762 2241 est
785 2185 859 2256 apud
878 2184 982 2240 lineam
1001 2190 1131 2258 manuni,

187 2403 211 2451 1.
230 2398 310 2469 tono]
329 2401 362 2453 fc
381 2414 394 2452 e
412 2414 482 2454 sorr.
502 2397 531 2453 0.
608 2398 741 2478 duarum]
757 2414 807 2453 om.
829 2396 857 2452 0.
938 2403 962 2452 2.
982 2398 1128 2473 reuoluta]

114 2470 223 2523 remota
241 2470 276 2523 Β.
333 2474 357 2523 3.
377 2469 501 2537 compari
520 2485 568 2523 sue
588 2468 617 2524 0.
674 2473 699 2521 4.
719 2484 779 2522 srns
797 2467 865 2539 fine]
885 2485 969 2537 supra
986 2470 1072 2523 finem
1091 2472 1128 2527 Β.

150 2539 307 2608 superficiei
325 2542 361 2596 B.
434 2545 458 2594 h.
478 2536 657 2608 pyramidum
676 2539 711 2592 Β.
789 2538 881 2620 capud
901 2541 930 2594 0.
1003 2545 1028 2595 6.
1049 2542 1124 2610 pira·

114 2611 252 2665 midarum
271 2612 311 2678 A,
334 2611 511 2681 pyramidum
531 2610 566 2664 Β.
653 2611 905 2679 8.pyramid1sB.
991 2616 1015 2664 9.
1036 2613 1127 2685 quod]

114 2699 168 2751 que
182 2683 218 2737 Β.
284 2687 323 2738 10.
344 2682 464 2738 circulus
478 2682 513 2737 Β.
569 2680 723 2750 pyramidis
741 2682 776 2736 Β.
840 2686 881 2734 11.
901 2682 1076 2750 pyramidem
1090 2685 1127 2740 Β.

150 2754 248 2825 caput]
263 2770 313 2808 om.
323 2754 360 2822 B,
374 2751 465 2821 oapud
475 2751 504 2806 0.
561 2756 602 2805 12.
617 2749 775 2822 piramidis]
791 2768 840 2806 om.
853 2751 882 2818 0,
896 2751 1075 2821 pyramidum
1090 2755 1127 2810 Β.

150 2826 241 2894 capud
262 2825 291 2879 0.
345 2820 500 2893 pyramidis
519 2823 556 2877 Β.
611 2821 726 2893 iterum]
741 2838 754 2875 ο
767 2837 835 2878 sorr.
852 2823 883 2888 0,
901 2821 970 2878 item
989 2825 1025 2879 Β.
1082 2826 1126 2898 st]

113 2910 164 2949 om.
182 2895 218 2949 Β.
293 2900 333 2949 13.
353 2890 507 2963 pyramidis
525 2893 561 2948 Β.
636 2897 678 2946 14,
697 2891 852 2962 pyramidis
869 2894 906 2948 B.
979 2899 1020 2950 15.
1040 2912 1128 2964 pyra-

113 2965 217 3019 midem
236 2966 272 3020 Β.
346 2963 524 3033 ortogoniam
544 2963 573 3019 0.
645 2979 707 3018 cum
727 2963 800 3035 aius]
819 2963 897 3018 ouius
917 2964 946 3019 0.
1020 2969 1063 3019 16.
1083 2982 1126 3022 se·

113 3035 234 3089 eundum
249 3066 282 3075 —
299 3041 340 3091 18.
359 3034 463 3106 basim]
482 3050 532 3090 om.
551 3034 587 3088 Β.
661 3039 703 3088 17.
723 3034 782 3088 axis
801 3035 861 3088 eius
881 3035 910 3089 0.
975 3037 1127 3105 ortogona·

113 3103 180 3158 liter
198 3112 307 3161 erectus
327 3105 355 3161 0.
448 3111 489 3162 19.
512 3105 586 3159 linee
622 3121 691 3161 corr.
710 3122 744 3160 ea
760 3105 858 3160 linea?
880 3105 916 3160 Β.
994 3107 1125 3179 muriani]

113 3174 143 3227 iu
165 3175 274 3230 miani?
298 3179 333 3233 Β.
424 3180 467 3231 21.
491 3175 581 3230 lineas
618 3175 678 3231 eius
701 3176 790 3231 lineas
813 3177 849 3231 B.
939 3176 1072 3250 munani]
1095 3179 1127 3232 in

114 3245 199 3298 unani
217 3247 253 3300 Β,
339 3250 368 3302 et
387 3247 516 3318 quarum]
543 3246 680 3316 equaliter
698 3246 733 3302 Β.
819 3252 862 3301 22.
887 3247 1067 3314 equedistans
1086 3249 1124 3305 B.

149 3314 235 3369 alicui
253 3317 326 3372 lines
343 3318 380 3374 Β.
440 3323 482 3373 23.
501 3318 606 3398 posite]
626 3319 723 3386 om.B,
741 3317 884 3386 preposite
905 3318 932 3371 0.
993 3323 1035 3372 24.
1056 3319 1125 3389 dya-

112 3387 233 3440 metrum
251 3388 287 3442 Β,
354 3388 484 3515 111111111οὲ
500 3405 530 3442 m
547 3388 633 3443 anani
651 3389 688 3443 Β.
760 3393 803 3442 ah.
822 3386 898 3456 apud
916 3387 1033 3461 lineam]
1052 3406 1124 3447 corr.

112 3472 146 3512 m.
165 3461 185 3513 2
204 3473 238 3511 err
257 3460 347 3526 capud
366 3459 439 3515 linee
483 3502 488 3513 .
560 3456 689 3530 murari]
708 3458 736 3512 io
755 3458 842 3513 unani
859 3459 895 3513 Β.
