2444 3892
407 153 622 207 corneorum
639 155 749 207 urana
766 155 812 207 1v.
1071 153 1115 218 29

168 295 234 359 sint
252 294 371 381 eadem,
390 317 473 380 quae
493 298 597 381 antea,
616 299 771 379 punctum
788 301 822 360 A
841 300 949 364 eutem
967 304 1002 362 in
1020 298 1116 363 alter-

100 403 175 465 utra
204 405 464 485 asymptoterum
493 401 551 487 sit,
580 401 778 486 duceturque
803 424 863 486 per
884 407 913 468 Z
935 404 987 469 illi
1008 404 1114 488 paral-

99 507 164 573 lela
190 509 292 593 reeta,
320 513 352 573 et
381 508 409 572 si
433 508 503 572 fieri
531 511 654 591 potest,
681 508 715 571 iu
743 509 775 571 Γ
795 529 837 573 ne
863 510 969 594 cadat,
997 510 1052 575 sed
1080 509 1114 573 in

100 617 144 678 H.
186 614 248 678 erit
271 613 373 699 igitur
391 613 465 699 [HL
488 614 545 698 36]
569 619 640 679 ΑΛ
654 637 662 679 :
676 619 743 678 AB
760 644 801 666 =
816 619 909 680 AH:
922 619 1006 702 HB3
1029 616 1115 701 quod

101 719 277 785 absurdum
306 724 365 785 est.
413 741 491 805 ergo
518 725 608 785 recta
635 742 654 784 a
678 724 706 783 Z
729 723 934 803 asymptotae
958 722 1116 805 parallela

101 824 197 891 ducta
220 827 256 890 in
279 829 312 890 Γ
330 826 425 891 cadit.

553 965 674 1032 XVIII.

173 1105 208 1172 si
235 1107 270 1171 in
297 1107 494 1172 sectionibus
518 1108 675 1194 oppositis
698 1111 857 1193 punctum
880 1105 1010 1191 aliquod
1033 1105 1119 1170 inter

105 1213 184 1277 duas
213 1213 371 1279 sectiones
395 1215 544 1293 sumitur,
573 1215 613 1279 ab
638 1236 739 1299 eoque
763 1215 844 1280 duae
867 1217 974 1279 rectae
998 1214 1118 1278 utram·

102 1340 165 1402 que
193 1320 369 1385 sectionem
398 1324 543 1385 secantes
570 1321 803 1407 producuntur,
831 1325 866 1386 et
894 1342 991 1407 quam
1019 1319 1118 1383 ratio·

100 1446 178 1489 nem
206 1425 331 1491 habent
357 1429 464 1492 rectae
487 1427 573 1492 inter
595 1431 752 1512 punctum
777 1429 976 1513 alteramque
1002 1427 1117 1493 sectio·
1149 1498 1160 1510 Ι,

104 2645 181 2687 nem
196 2622 322 2706 positae
341 2621 381 2686 ad
395 2625 501 2687 rectas
518 2621 604 2686 inter
620 2621 753 2684 alteram
773 2618 949 2685 sectionem
967 2619 1117 2705 idemque

105 2732 263 2813 punctum
281 2727 416 2811 positas,
439 2748 510 2792 eam
532 2727 658 2791 habent
679 2729 786 2790 rectae
805 2725 943 2790 maiores
962 2725 1014 2809 iis,
1036 2748 1118 2810 quae

106 2835 193 2899 iuter
225 2835 385 2899 sectiones
418 2833 584 2917 oppositas
618 2831 865 2912 abscinduntur,
898 2831 938 2896 ad
970 2853 1118 2897 excessus

107 2961 232 3024 earum,
259 2944 348 3005 recta
375 2960 432 3022 per
459 2941 617 3004 terminos
648 2941 811 3003 rectarum
839 2938 999 3003 maiorum
1022 2937 1119 3004 ducta

107 3068 182 3111 oum
210 3045 414 3111 sectionibus.
439 3048 620 3128 concurret,
649 3049 682 3109 et
708 3048 816 3110 rectae
847 3066 865 3108 a
892 3044 1023 3128 punctis
1046 3065 1119 3110 con-

107 3173 220 3216 cursus
245 3152 286 3217 ad
309 3154 475 3235 sumptum
493 3154 649 3235 punctum
668 3151 781 3216 ductae
801 3152 903 3216 lineas
922 3149 1119 3236 contingent.

176 3258 243 3321 sint
266 3257 435 3342 oppositae
453 3263 494 3340 A,
508 3260 545 3341 B,
569 3260 602 3320 et
618 3260 775 3342 punctum
794 3261 828 3320 A
850 3257 936 3322 inter
959 3256 1118 3323 sectiones
1165 3286 1168 3293 ·

107 3364 261 3448 positum.
298 3363 387 3447 prius
406 3364 441 3427 in
460 3363 581 3448 angulo
605 3364 646 3427 ab
665 3362 862 3448 asymptotis
886 3364 1118 3449 comprehenso

109 3473 319 3554 supponatur,
343 3473 376 3533 et
397 3490 456 3552 per
478 3473 512 3532 A
534 3469 753 3552 producantur
776 3473 890 3554 ΑΛΒ,
908 3473 1012 3535 ΓΔΘ.
1057 3472 1119 3535 ita·
