2444 3892
129 134 197 200 230
413 134 677 188 commu
693 134 864 199 κκυῐουλ

129 274 213 364 πρὸς
240 273 350 362 ὀρθὰς
376 271 524 363 ἀγομένη
552 272 610 343 ἄπ’
640 272 746 362 ἄκρας
766 285 827 362 τῆς
849 275 1036 363 διαμέτρου
1060 274 1150 357 ἐκτός

129 408 165 450 τε
188 386 298 450 πίπτει
318 382 374 449 καλ
393 381 574 469 έφᾶπτεται
591 385 653 450 τού
671 381 808 468 κύκλου,
831 377 850 449 ό
870 381 909 449 δὲ
924 368 1152 462 Ἀπολλώνιος

130 490 167 556 ἐν
196 487 304 580 τούτῳ
334 489 521 557 καθολικόν
548 516 580 557 τι
608 490 758 556 δείκνυσι
781 487 979 575 δυνάμενον
1003 488 1150 578 ἐφαρμό-

130 613 187 661 σαι
211 609 283 674 ταῖς
305 596 394 683 τρισλ
417 600 479 664 τού
502 594 615 663 κώνου
637 596 763 688 καὶτῷ
786 591 908 687 κύκλῳ.

95 713 111 759 5
197 705 362 770 τοσοῦτον
395 701 545 788 διαφέρει
578 697 596 768 ὁ
624 698 746 780 κύκλος
772 704 842 769 τών
868 702 930 769 τού
956 699 1076 769 κώνου
1103 729 1151 770 το·

129 811 218 894 μών,
247 805 299 876 ότι
326 803 376 875 ἐπ’
408 809 540 875 ἐκείνου
567 805 629 893 μέν
657 808 695 873 αἱ
714 805 923 893 τεταγμένως
944 809 1149 896 κατηγμέυαι

129 913 213 1003 πρὸς
245 911 353 1002 ὀρθὰς
384 912 526 999 ἄγονται
557 917 597 1001 τῆ
631 914 811 1005 διαμέτρῳ·
845 911 924 981 οὐδὲ
956 911 1023 1002 γὰρ
1053 913 1150 984 ἄλλαι

129 1019 262 1089 εὐθεῖαι
293 1019 500 1109 παράλληλοι
534 1020 667 1099 ἑαυταῖς
698 1016 764 1087 ὑπὸ
791 1029 850 1106 τῆς
878 1019 1064 1108 διαμέτρου
1092 1024 1149 1090 τοῦ

128 1128 255 1195 κύκλου
283 1131 553 1215 διχοτομοῦνται·
587 1125 640 1193 ἐπὶ
673 1125 710 1193 δὲ
737 1128 807 1194 τών
834 1134 937 1212 τριῶν
964 1129 1082 1212 τομών
1111 1125 1149 1196 ού

80 1246 112 1295 10
131 1233 263 1315 πάντας
289 1233 373 1322 πρὸς
401 1231 509 1324 ὀρθὰς
537 1231 692 1319 ἄγονται,
721 1236 752 1300 εἰ
774 1230 819 1319 μῆ
842 1232 895 1300 ἐπὶ
918 1230 1050 1318 μόνους
1072 1233 1149 1314 τοὺς

129 1341 259 1422 ἄξονας.

530 1450 602 1524 Εἰς
624 1443 666 1513 τὸ
691 1443 748 1531 ιη’.

186 1570 249 1636 ’Ἑν
267 1588 355 1636 τισιν
375 1567 596 1655 ἀντιγράφοις
614 1568 652 1637 τὸ
671 1567 832 1656 θεώρημα
849 1571 950 1636 τούτο
970 1569 1024 1637 ἐπὶ
1043 1571 1147 1659 μόνης

128 1679 321 1762 παραβολῆς
347 1674 403 1740 καὶ
430 1671 619 1762 ὑπερβολῆς
648 1677 754 1762 ἐστιν,
782 1673 921 1743 κώλλιον
949 1675 987 1745 δέ
1011 1685 1147 1746 καθολι-

78 1792 110 1842 15
129 1779 276 1868 κώτερον
309 1784 396 1867 ἔχειν
428 1779 490 1868 τῆν
518 1782 697 1871 πρότασιν,
730 1786 762 1849 εἰ
787 1779 832 1869 μῆ
860 1779 912 1850 ότι
939 1783 977 1850 τδ
996 1778 1063 1852 ’ἐπὶ
1092 1788 1146 1871 τῆς

128 1889 304 1969 ἐλλείψεως
332 1890 471 1969 ἐκείνοις
500 1887 544 1970 ώς
567 1887 804 1977 ἄναμφίβολον
827 1889 1098 1975 παραλέλειπται·
1124 1887 1144 1976 ῆ

127 1993 193 2079 γὰρ
217 2000 249 2061 Γ
247 2002 279 2061 Δ
306 1994 402 2075 έντὸς
430 1987 515 2064 ούσα
547 1999 606 2082 τῆς
633 1999 736 2082 τομῆς
763 1997 1014 2082 πεπερασμένης
1043 1995 1145 2084 οᾶσῆς

127 2102 183 2168 καὶ
207 2099 290 2188 αύτῆ
315 2101 385 2169 κατ’
413 2101 585 2190 ἄμφότερα
608 2104 720 2190 τέμνει
743 2101 806 2188 τῆν
829 2101 945 2189 τομῆν.

195 2211 249 2275 δεῖ
271 2208 308 2276 δέ
332 2211 516 2295 έπιστῆσαι,
541 2207 603 2294 ότι,
626 2205 690 2276 κᾶν
714 2205 735 2295 ἡ
758 2215 858 2275 ΑΖΒ
880 2210 981 2295 τέμνῃ
1006 2205 1070 2294 τῆν
1094 2236 1145 2278 το-

67 2299 109 2374 '20
129 2312 209 2401 μῆν,
233 2311 253 2400 ῆ
278 2313 362 2400 αὐτῆ
386 2312 555 2394 ἀπόδειξις
579 2310 723 2400 ἁρμόζει.

537 2529 607 2604 Εἰς
629 2523 671 2592 τὸ
694 2527 735 2592 κ’.

190 2647 268 2716 Ἀπὸ
293 2648 415 2718 τούτου
437 2651 499 2715 τού
521 2647 740 2735 θεωρήματος
763 2644 948 2735 ἀρχόμενος
967 2650 1087 2737 ἑφεξῆς
1107 2653 1142 2719 ἐν

126 2765 208 2821 πᾶσι
234 2753 274 2820 τὰ
302 2755 526 2841 συμπτώματα
553 2757 612 2840 τῆς
638 2757 831 2842 παραβολῆς
859 2753 943 2842 αὐτῆ
970 2757 1143 2825 δείκνυσιν

126 2856 319 2947 ὑπάρχοντα
344 2861 398 2927 καὶ
423 2858 484 2927 οὐκ
508 2858 591 2948 ἄλλῃ
614 2868 696 2946 τινί,
725 2858 770 2940 ὡς
792 2861 843 2927 έπλ
869 2860 906 2928 τὸ
931 2861 1018 2928 πολὺ
1042 2864 1080 2930 δὲ
1103 2868 1142 2952 τῆ

73 2976 107 3025 25
127 2960 297 3052 ὑπερβολῇ
320 2968 376 3032 κοιλ
399 2978 439 3054 τῇ·
463 2968 606 3048 ἐλλείψει
624 2968 679 3034 καὶ
698 2977 743 3058 τῷ
761 2967 872 3058 κύκλῳ
891 2966 931 3034 τὰ
952 2964 1037 3036 αύτδι
1057 2973 1112 3038 δεί
1129 3013 1143 3022 -

127 3090 227 3137 νυσιν
250 3067 453 3157 ὑπάρχοντα.

194 3174 307 3262 ἐπειδὴ
337 3177 374 3243 δὲ
403 3175 464 3245 οὐκ
490 3177 659 3266 ἄχρηστον
683 3187 840 3267 φαίνεται
867 3194 939 3259 τοῖς
966 3179 1006 3247 τὰ
1039 3210 1142 3270 μηχα-

197 3415 222 3463 3.
246 3407 385 3479 δείκνυσι]
414 3410 513 3480 scripsi
531 3414 684 3480 praeeunte
704 3410 820 3478 Comm.,
840 3410 954 3473 δεικνύς
972 3412 1041 3482 Wp.
1116 3421 1141 3469 4.

125 3479 199 3552 ταῖς]
219 3479 282 3536 fort.
298 3485 360 3542 ταῖς
373 3499 411 3535 τε.
471 3484 561 3552 τρισίν
575 3481 620 3538 W.
682 3481 788 3554 κώνου]
807 3479 901 3537 κώνου
920 3490 1021 3552 τομαῖς
1039 3485 1142 3553 Halley
