2444 3892
149 126 215 188 114
542 124 770 178 εειοιιεευε.

149 266 186 333 δὲ
217 262 401 352 γραμμικά,
434 268 502 333 τῶν
535 261 566 331 δ’
602 264 768 332 ἐπιπέδων
799 259 1111 352 ἀποκληρώσαντες
1136 263 1171 334 τὰ

149 371 232 458 πρὸς
246 369 352 439 πολλὰ
371 369 601 458 χρησιμώτερα
618 372 748 451 ἔδειξαν
761 367 802 438 τὰ
816 370 1044 457 προβλήματα
1058 375 1173 441 ταῦτα·
1190 396 1194 403 ·

214 477 310 544 θέσει
339 475 530 564 δεδομένων
558 473 757 563 ἡμικυκλίου
783 501 819 544 τε
845 475 902 543 καὶ
924 474 1072 558 εὐθείας
1094 477 1174 564 πρὸς

147 579 254 671 ὀρθάς
280 593 320 672 τῇ
349 582 446 669 βάσει
474 579 494 669 ή
519 581 580 651 δύο
607 579 812 670 ἡμικυκλίων
836 581 887 650 ἐπ’
913 581 1059 663 εὐθείας
1084 583 1174 671 ἐχόν-

111 706 214 756 οτων
242 687 301 768 τάς
328 688 442 775 βάσεις
468 697 583 756 θεῖναι
608 691 771 756 δοθεῖσαν
793 690 838 779 τῷ
866 691 1005 776 μεγέθει
1031 687 1173 759 εὐθεῖαν

146 794 269 882 μεταξὺ
295 806 363 863 τών
392 794 454 864 δύο
481 800 645 882 γραμμῶν
671 795 840 863 νεύουσαν
864 793 917 862 ἐπὶ
940 801 1079 881 γωνίαν
1102 793 1173 885 ἡμι-

147 907 300 969 κυκλίου·

213 1009 269 1076 καὶ
311 1007 441 1095 ῥόμβου
480 1009 642 1087 δοθέντος
677 1009 733 1075 καὶ
770 1007 1061 1096 έπεκβεβλημένης
1098 1013 1173 1096 μιᾶς

147 1116 292 1199 πλευράς
322 1111 468 1201 ἁρμόσαι
499 1109 565 1180 ὑπὸ
598 1115 660 1198 τὴν
692 1113 785 1192 ἐκτὸς
816 1117 946 1199 γωνίαν
979 1116 1172 1202 δεδομένην

96 1236 129 1285 10
147 1223 192 1310 τῷ
213 1220 347 1306 μεγέθει
366 1217 505 1288 εὐθεῖαν
520 1217 689 1287 νεύουσαν
703 1220 756 1287 ἐπὶ
770 1224 831 1306 τήν
846 1215 1007 1307 ἄντικρύς
1026 1226 1170 1307 γωνίαν·

212 1327 269 1393 καὶ
304 1328 399 1394 θέσει
441 1326 603 1405 δοθέντος
638 1324 764 1393 κύκλου
801 1323 986 1412 ἐναρμόσαι
1029 1323 1171 1396 εὐθεῖαν

147 1434 281 1518 μεγέθει
306 1433 491 1519 δεδομένην
514 1430 686 1500 νεύουσαν
709 1431 761 1500 έπὶ
786 1433 900 1498 δοθέν.

212 1536 343 1605 τούτων
372 1538 409 1605 δὲ
437 1539 473 1604 ἐν
502 1537 564 1625 μὲν
593 1542 639 1628 τῷ
663 1536 781 1629 πρώτῳ
805 1537 913 1625 τεύχει
938 1539 1110 1607 δέδεικται
1132 1541 1169 1608 τδ

147 1644 198 1708 ἐπὶ
231 1647 291 1710 τοῦ
324 1644 402 1723 ἑνὸς
433 1641 632 1732 ἡμικυκλίου
664 1645 720 1712 καὶ
753 1640 887 1724 εὐθείας
918 1648 997 1730 ἔχον
1027 1644 1171 1725 πτώσεις

96 1735 169 1815 15δ
200 1749 256 1814 καὶ
288 1748 327 1816 τὸ
357 1751 410 1817 ἐπὶ
437 1755 498 1819 τοῦ
525 1750 651 1820 κύκλου
679 1756 756 1838 ἔχον
783 1749 924 1831 πτώσεις
952 1748 1018 1819 δύο
1047 1752 1106 1820 καλ
1133 1753 1170 1820 τδ

147 1854 200 1922 ἐπὶ
226 1866 289 1923 τοῦ
317 1854 448 1943 ῥόμβου
475 1859 615 1938 πτώσεις
637 1862 715 1945 ἔχον
733 1845 775 1944 β,
806 1859 843 1925 ἐν
871 1856 909 1924 δὲ
940 1858 987 1948 τῷ
1023 1859 1169 1949 δευτέρω

146 1959 254 2048 τεύχει
285 1959 324 2030 τὸ
357 1963 410 2029 ἐπὶ
446 1968 516 2031 τῶν
548 1963 611 2031 δύο
643 1960 849 2050 ήμικυκλίων
881 1964 939 2048 τής
970 1958 1171 2043 ὑποθέσεως

146 2067 287 2160 πτώσεις
309 2067 449 2156 ἐχούσης
472 2075 500 2154 i,
529 2074 565 2138 ἐν
594 2070 631 2137 δὲ
654 2069 788 2148 ταύταις
809 2066 1059 2156 ὐποδιαιρέσεις
1081 2076 1171 2138 πλεί-

148 2200 222 2252 ονες
256 2177 455 2263 διοριστικαὶ
488 2178 584 2243 ἕνεκα
611 2180 673 2243 τοῦ
700 2178 886 2262 δεδομένου
913 2175 1084 2263 μεγέθους
1113 2181 1172 2264 τῆς

93 2296 127 2345 20
147 2277 290 2359 εὐθείας.

214 2425 265 2488 21.
289 2424 418 2509 Pappus
442 2424 586 2506 V11‚29
610 2449 640 2508 p.
665 2426 743 2504 672,
769 2427 824 2491 15:

208 2534 300 2622 Ἔχει
329 2537 366 2603 δὲ
396 2537 436 2604 τά
464 2542 532 2604 τῶν
559 2536 708 2605 νεύσεων
735 2543 850 2624 βιβλία
876 2536 971 2642 δύο-
962 2539 1172 2628 θεωρήματα

146 2642 208 2726 μὲν
232 2639 305 2728 ήτοι
330 2643 562 2732 διαγράμματα
586 2649 661 2730 ρ-κε,
685 2642 837 2731 λήμματα
862 2643 900 2712 δὲ
923 2654 974 2732 λη.

212 2769 342 2854 Pappus
370 2768 446 2853 Vll,
471 2770 532 2834 157
557 2792 587 2852 p.
613 2770 690 2854 820,
717 2771 756 2834 18
782 2794 841 2856 sq.:

95 2913 128 2961 25
220 2882 263 2950 Τὸ
288 2886 422 2965 πρῶτον
446 2886 513 2949 τών
536 2881 685 2949 νεύσεων
710 2887 775 2968 ἔχει
794 2882 1010 2971 προβλήματα
1028 2866 1070 2971 θ,
1098 2890 1171 2954 διο-

150 2988 290 3075 ρισμούς
313 3001 410 3074 τρεῖς,
434 2993 493 3054 καί
508 2992 594 3055 εἰσιν
616 2992 651 3055 οί
666 3001 754 3075 τρεῖς
772 2989 959 3074 ἐλάσσονες,
983 2987 1058 3058 ὅτε
1082 2992 1171 3062 κατὰ

144 3091 182 3159 τὸ
211 3095 360 3180 πέμπτον
387 3093 442 3161 καὶ
471 3090 488 3160 ὁ
516 3092 599 3160 κατὰ
626 3093 663 3161 τὸ
693 3092 720 3175 ζ’
749 3091 926 3181 πρόβλημα
952 3095 1009 3163 καὶ
1038 3093 1056 3164 ὁ
1081 3098 1171 3166 κατδι

144 3199 181 3266 τὸ
216 3199 263 3265 θ’.
314 3197 352 3266 τὸ
391 3197 549 3285 δεύτερον
581 3199 730 3267 νεύσεων
764 3204 829 3286 ἔχει
861 3197 1081 3288 προβλήματα
1115 3211 1170 3293 μέ,

217 3397 240 3445 1.
265 3397 320 3446 τῶν
341 3389 383 3464 δ’]
402 3393 518 3464 ΗεΙΙεγ,
543 3395 599 3448 τῶν
619 3395 711 3463 codd.;
736 3395 802 3449 fort.
821 3395 869 3447 καὶ
887 3395 953 3449 τῶν.
1045 3401 1090 3451 22.
1113 3395 1170 3455 δύο

145 3463 238 3534 βιβλία
258 3462 328 3519 coni.
348 3464 476 3520 Hultsch.
