2444 3892
144 130 210 184 XIV
514 134 794 187 PROLEGOMENA.
874 147 879 155 ·

218 275 263 343 21)
276 273 341 328 Cod.
354 272 590 343 Guelferbytanus
601 273 746 328 Gudianus
756 275 803 330 Gr.
816 281 857 342 12,
869 275 991 333 chartac.
1003 295 1075 334 saec.
1084 279 1151 335 XVI
1158 302 1169 348 ς

145 355 271 410 continet
288 352 435 423 Apollonii
454 352 547 408 Conic.
566 353 664 408 I-IV.
701 353 757 408 fnit
774 355 914 409 Matthaei
932 355 1064 427 Macigui.

215 435 261 503 22)
285 433 352 489 Ccd.
375 432 566 488 Berolinensie
589 432 834 489 Meermannicnns
858 434 904 490 Gr.
925 441 1009 504 1545,
1037 438 1167 495 chartac.

143 529 217 568 saec.
247 512 336 581 XVII3
371 513 497 567 continet
527 512 575 568 iol.
606 518 732 568 1-118r
763 513 908 584 Apollonii
940 516 1034 571 Conic.
1062 517 1165 574 I-IV

144 593 530 663 (fol.118¹¹-120nacant),
559 591 607 647 fol.
628 599 768 647 rar-144
794 594 890 650 Sereni
914 594 949 648 de
973 596 1098 653 sectione
1117 615 1165 667 cy-

141 673 235 743 lindri,
254 674 302 729 fol.
323 678 463 728 145-178
483 672 517 726 de
537 673 661 727 sectione
681 672 753 726 coni.

215 755 261 823 23)
277 753 345 808 cod.
355 752 526 807 Bodleianus
538 751 742 819 Canonicianus
753 752 798 807 Gr.
811 759 871 822 106,
881 754 1004 810 chartac.
1014 772 1087 813 saec.
1096 757 1163 826 XV3

141 833 269 888 continet
287 831 434 903 Apollonii
453 831 547 888 Conic.
566 831 662 888 I—IV.

214 914 259 983 24)
279 913 345 969 Cod.
360 915 523 985 Upsalensis
537 919 580 981 48,
600 915 723 968 chartac.
740 929 811 967 saec.
826 913 904 981 XVI3
925 915 1050 970 continet
1064 917 1163 972 Sereni

141 993 288 1063 opuscula,
316 994 460 1065 Apollonii
481 992 575 1049 Conic.
595 992 684 1047 I—IV
707 992 829 1061 (omissis
850 994 1161 1067 demonstrationibus).

64 1066 66 1071 ’
140 1073 195 1128 fuit
213 1073 337 1129 cunradi
354 1073 518 1144 Dasypodii.

212 1157 257 1223 25)
277 1153 344 1209 Cod.
360 1152 524 1223 Upsalensis
540 1156 584 1218 50,
598 1152 720 1205 chartac.
735 1168 807 1207 saec.
823 1153 901 1221 XVI3
917 1154 1043 1208 continet
1056 1155 1161 1212 Marini

138 1234 375 1288 introductionem
404 1233 440 1285 ad
463 1232 551 1298 Data,
575 1191 724 1300 ’Apollonii
747 1230 841 1287 Gonic.
861 1232 913 1285 I-
919 1233 971 1298 1V,
1000 1233 1099 1288 Sereni
1123 1235 1160 1291 de

139 1313 264 1368 sectione
283 1311 360 1381 coni,
385 1311 420 1365 de
444 1311 568 1366 sectione
588 1309 715 1379 cylindri
754 1311 874 1381 scriptus
893 1329 979 1366 manu
999 1312 1160 1370 Sebastiani

138 1392 236 1462 Miegii
255 1391 339 1446 amici
353 1355 519 1461 ’Dasypodii

210 1472 277 1525 eoo.
296 1471 382 1526 Paris
403 1469 448 1526 Gr
469 1476 549 1541 2471,
569 1470 693 1526 chartac
709 1486 780 1526 saec.
795 1470 868 1537 XVI,
888 1410 1089 1541 Mazarinaeus,
1108 1475 1160 1542 qui

89 1552 93 1558 '
138 1553 168 1606 in
190 1551 353 1622 catalogo
345 1567 482 1620 rmpresso
507 1513 700 1606 bibliothecae
723 1549 889 1606 Parisiensis
914 1516 1159 1623 commemoratur,

137 1649 210 1686 nunc
234 1648 290 1686 non
311 1632 442 1701 exstat.*)
479 1630 605 1686 codicem
623 1630 711 1685 Paris.
731 1631 868 1701 supplem.
889 1629 934 1686 Gr.
955 1636 1007 1686 869
1031 1632 1157 1688 chartac.

116 1727 209 1783 saec.
229 1710 333 1780 XVIII,
356 1711 405 1779 qui
424 1728 441 1765 a
459 1710 508 1764 fol.
530 1716 581 1764 114
605 1711 703 1779 „notas
725 1709 755 1763 in
778 1709 962 1778 Apollonium
979 1709 1157 1781 Pergaenm“

136 1793 275 1858 continet,
299 1808 355 1846 non
378 1789 446 1844 uidi.
485 1791 544 1846 cod.
567 1789 712 1845 Barberin.
730 1789 771 1857 ΙΙ,
791 1794 825 1844 68
849 1788 971 1845 chartac.
996 1807 1069 1845 saec.
1089 1792 1158 1846 XVI

135 1872 166 1925 in
180 1871 228 1927 fol.
240 1877 347 1926 64-68
363 1870 489 1927 continet
499 1870 593 1926 Conic.
605 1870 651 1938 ΙΙΙ,
663 1875 731 1924 1-6
747 1870 776 1924 et
790 1872 901 1939 partem
915 1870 1117 1940 propositionis
1131 1879 1157 1928 7.

136 1952 170 2006 de
185 1953 245 2007 cod.
255 1950 518 2022 Magliabecchiano
534 1951 582 2020 XI,
598 1955 613 2004 7
628 1951 762 2020 (chartac.
778 1965 850 2003 saec.
861 1948 936 2018 XVI)
956 1949 1028 2004 nihil
1041 1953 1157 2019 notani3

136 2033 262 2087 eontinet
285 2032 377 2087 Conic.
401 2031 497 2086 I-IV.
545 2032 605 2086 cod.
630 2028 833 2107 Magliabecch.
857 2028 908 2096 XI,
932 2036 966 2084 26
993 2045 1065 2086 saec.
1088 2030 1157 2086 XVI

134 2114 247 2181 praeter
269 2111 459 2181 Philoponum
482 2110 512 2164 in
536 2109 740 2165 Nicomachum
767 2109 872 2178 figuras
896 2109 1004 2177 aliquot
1027 2111 1157 2168 continet

135 2208 150 2246 e
174 2191 255 2246 codd.
275 2190 389 2246 Graecis
409 2190 520 2246 Eutocii
545 2192 573 2243 et
596 2188 741 2258 Apollonii
764 2191 916 2257 excerptas.
955 2190 1014 2244 cod.
1034 2188 1156 2247 Ambro-

136 2270 230 2325 sianus
246 2270 271 2324 A
284 2276 337 2325 230
351 2269 401 2325 inf.
416 2268 679 2340 interpretationem
693 2269 822 2324 Latinam
837 2269 983 2338 Apollonii
999 2272 1029 2324 et
1041 2269 1155 2327 Eutocii

134 2351 272 2419 continet,
301 2352 335 2405 de
360 2368 415 2420 qno
437 2350 467 2404 in
489 2366 555 2420 pag.
574 2356 588 2402 1
613 2349 683 2403 haec
706 2347 851 2417 leguntur:
881 2345 984 2403 (ionica
1007 2349 1155 2418 Apollonii

134 2430 230 2486 studio
250 2431 379 2485 Fedsrici
394 2429 591 2486 Commcndini
609 2428 752 2483 latinitate
772 2428 877 2482 donata
896 2430 925 2482 et
943 2430 1154 2486 commentariis

134 2514 218 2566 ancta
245 2511 368 2580 ipsamet
395 2526 467 2578 quae
493 2508 569 2578 typis
597 2507 732 2563 mandata
760 2510 826 2563 sunt
853 2508 950 2562 multis
972 2507 1004 2563 in
1026 2509 1096 2564 locis
1120 2509 1153 2565 in

132 2591 260 2660 margine
279 2606 364 2644 manu
382 2589 471 2659 ipsius
486 2587 681 2644 Commendini
695 2587 794 2642 notata
807 2587 1000 2642 Illustrissimo
1014 2587 1152 2646 Federieo

134 2669 276 2725 Cardinali
304 2668 478 2739 amplissimo
506 2669 675 2723 Borrcmaeo
704 2666 779 2738 grati
806 2667 894 2721 animi
921 2682 989 2737 ergo
1016 2666 1045 2730 in
1071 2686 1152 2724 snam

132 2747 347 2804 Ambrosianum
365 2749 568 2803 bibliothecam
586 2747 761 2816 reponenda,
788 2763 843 2813 qno
867 2747 953 2801 etiam
972 2747 1152 2804 carissimum

132 2829 245 2884 affinem
269 2833 416 2898 perennet,
442 2827 548 2881 Mutius
572 2826 668 2882 Oddns
690 2825 813 2880 Urbinas
838 2829 989 2881 consecrat.
1026 2827 1151 2896 denique

133 2908 194 2963 cod.
214 2907 309 2978 Upsal.
329 2913 362 2962 66
392 2905 656 2976 interpretationem
684 2905 804 2960 latinam
832 2906 959 2961 continet
983 2906 1151 2962 Conicorum

131 2987 270 3055 „Londini
288 2988 445 3042 Gothorum
465 3004 483 3040 a
501 2986 619 3042 Nicolao
635 2985 808 3040 Schenmark
827 3002 845 3040 a
862 2985 908 3040 dte
922 2985 1012 3038 XXIX
1026 2985 1092 3039 Iulii
1111 2989 1150 3043 ad

132 3067 206 3120 diem
225 3066 290 3121 XIH
310 3067 386 3135 Sept.
408 3072 475 3120 1662
495 3067 587 3136 spatio
607 3065 655 3118 XL
674 3065 801 3120 dierum“
819 3066 855 3119 ad
875 3064 1026 3120 editionem
1040 3066 1149 3123 Halieii

130 3147 235 3200 factam
253 3145 351 3214 (habet
364 3148 476 3215 praeter
491 3144 582 3201 Conic.
597 3145 700 3200 I-Vll
718 3145 805 3200 etiam
825 3144 919 3200 octcui
938 3144 1148 3202 restitutionem

130 3225 328 3292 Helleianam).

201 3337 304 3408 *)Qno
319 3341 479 3409 peruenerit
466 3341 581 3395 tcodex
596 3357 613 3395 a
627 3338 810 3396 Constantino
820 3339 1015 3423 Palaeccappa
1030 3338 1146 3394 Parisiis

130 3411 285 3481 descriptus
310 3410 436 3480 (Omont,
461 3410 615 3480 Catalogne
640 3413 689 3466 des
707 3429 772 3467 mss.
792 3431 833 3483 gr
853 3410 947 3480 copies
971 3428 1022 3480 par
1039 3409 1146 3467 Palreo·

130 3501 227 3554 cappa,
248 3480 325 3537 Paris
347 3487 424 3552 1886,
442 3500 470 3551 p.
487 3486 522 3551 6),
541 3483 644 3538 nescio.
