<?xml version="1.0" encoding="UTF-8"?>
<!DOCTYPE html PUBLIC "-//W3C//DTD XHTML 1.0 Transitional//EN"
    "http://www.w3.org/TR/xhtml1/DTD/xhtml1-transitional.dtd">
<html xmlns="http://www.w3.org/1999/xhtml" xml:lang="en" lang="en">
 <head>
  <title>
</title>
<meta http-equiv="Content-Type" content="text/html;charset=utf-8" />
  <meta name='ocr-system' content='tesseract 3.04.00' />
  <meta name='ocr-capabilities' content='ocr_page ocr_carea ocr_par ocr_line ocrx_word'/>
</head>
<body>
  <div class='ocr_page' id='page_1' title='image "./apolloniipergae01apolgoog_0189.png"; bbox 0 0 2444 3892; ppageno 0'>
   <div class='ocr_carea' id='block_1_1' title="bbox 491 176 1120 240">
    <p class='ocr_par' dir='ltr' id='par_1_1' title="bbox 491 176 1120 240">
     <span class='ocr_line' id='line_1_1' title="bbox 491 176 1120 240; baseline -0.002 -8"><span class='ocrx_word' id='word_1_1' title='bbox 491 179 719 232; x_wconf 79' lang='lat' dir='ltr'><strong>FRAGMENTA.</strong></span> <span class='ocrx_word' id='word_1_2' title='bbox 1053 176 1120 240; x_wconf 84' lang='lat'><strong><em>103</em></strong></span> 
     </span>
    </p>
   </div>
   <div class='ocr_carea' id='block_1_2' title="bbox 100 318 1173 1471">
    <p class='ocr_par' dir='ltr' id='par_1_2' title="bbox 100 318 1173 1471">
     <span class='ocr_line' id='line_1_2' title="bbox 102 318 1124 408; baseline -0.002 -20"><span class='ocrx_word' id='word_1_3' title='bbox 102 325 325 408; x_wconf 75' lang='grc' dir='ltr'><strong><em>τελειωθῆναι</em></strong></span> <span class='ocrx_word' id='word_1_4' title='bbox 358 318 420 408; x_wconf 86' lang='grc' dir='ltr'><strong><em>τήν</em></strong></span> <span class='ocrx_word' id='word_1_5' title='bbox 454 321 629 389; x_wconf 72' lang='grc' dir='ltr'><strong><em>σύνθεσιν.</em></strong></span> <span class='ocrx_word' id='word_1_6' title='bbox 678 319 715 389; x_wconf 84' lang='grc' dir='ltr'><strong><em>τὸ</em></strong></span> <span class='ocrx_word' id='word_1_7' title='bbox 751 320 788 389; x_wconf 73' lang='grc' dir='ltr'><strong><em>δὲ</em></strong></span> <span class='ocrx_word' id='word_1_8' title='bbox 820 319 866 406; x_wconf 77' lang='grc' dir='ltr'><strong><em>δ’,</em></strong></span> <span class='ocrx_word' id='word_1_9' title='bbox 898 322 1052 405; x_wconf 78' lang='grc' dir='ltr'><strong><em>ποσαχῶς</em></strong></span> <span class='ocrx_word' id='word_1_10' title='bbox 1083 321 1124 386; x_wconf 90' lang='grc' dir='ltr'><strong><em>αί</em></strong></span> 
     </span>
     <span class='ocr_line' id='line_1_3' title="bbox 102 425 1121 515; baseline -0.002 -21"><span class='ocrx_word' id='word_1_11' title='bbox 102 431 170 495; x_wconf 87' lang='grc' dir='ltr'><strong><em>τῶν</em></strong></span> <span class='ocrx_word' id='word_1_12' title='bbox 203 426 324 496; x_wconf 87' lang='grc' dir='ltr'><strong><em>κῶνων</em></strong></span> <span class='ocrx_word' id='word_1_13' title='bbox 355 427 454 514; x_wconf 81' lang='grc' dir='ltr'><strong><em>τομαὶ</em></strong></span> <span class='ocrx_word' id='word_1_14' title='bbox 486 425 646 514; x_wconf 74' lang='grc' dir='ltr'><strong><em>ἀλλήλαις</em></strong></span> <span class='ocrx_word' id='word_1_15' title='bbox 677 453 713 496; x_wconf 87' lang='grc' dir='ltr'><strong><em>τε</em></strong></span> <span class='ocrx_word' id='word_1_16' title='bbox 742 427 797 495; x_wconf 83' lang='grc' dir='ltr'><strong><em>καὶ</em></strong></span> <span class='ocrx_word' id='word_1_17' title='bbox 829 431 869 515; x_wconf 82' lang='grc' dir='ltr'><strong><em>τή</em></strong></span> <span class='ocrx_word' id='word_1_18' title='bbox 901 429 962 494; x_wconf 85' lang='grc' dir='ltr'><strong><em>τοῦ</em></strong></span> <span class='ocrx_word' id='word_1_19' title='bbox 992 425 1121 493; x_wconf 88' lang='grc' dir='ltr'><strong><em>κύκλου</em></strong></span> 
     </span>
     <span class='ocr_line' id='line_1_4' title="bbox 101 525 1120 624; baseline -0.001 -23"><span class='ocrx_word' id='word_1_20' title='bbox 101 538 296 624; x_wconf 72' lang='grc' dir='ltr'><strong><em>περιφερείᾳ</em></strong></span> <span class='ocrx_word' id='word_1_21' title='bbox 309 539 557 620; x_wconf 79' lang='grc' dir='ltr'><strong><em>συμπίπτουσιν</em></strong></span> <span class='ocrx_word' id='word_1_22' title='bbox 571 534 628 603; x_wconf 83' lang='grc' dir='ltr'><strong><em>καὶ</em></strong></span> <span class='ocrx_word' id='word_1_23' title='bbox 642 535 677 601; x_wconf 80' lang='grc' dir='ltr'><strong><em>ἐκ</em></strong></span> <span class='ocrx_word' id='word_1_24' title='bbox 691 543 864 621; x_wconf 78' lang='grc' dir='ltr'><strong><em>περισσοῦ,</em></strong></span> <span class='ocrx_word' id='word_1_25' title='bbox 879 525 927 601; x_wconf 85' lang='grc' dir='ltr'><strong><em>ῶν</em></strong></span> <span class='ocrx_word' id='word_1_26' title='bbox 938 529 1120 620; x_wconf 77' lang='grc' dir='ltr'><strong><em>οὐδέτερον</em></strong></span> 
     </span>
     <span class='ocr_line' id='line_1_5' title="bbox 100 637 1121 729; baseline -0.002 -21"><span class='ocrx_word' id='word_1_27' title='bbox 100 637 167 708; x_wconf 81' lang='grc' dir='ltr'><strong><em>ὑπὸ</em></strong></span> <span class='ocrx_word' id='word_1_28' title='bbox 200 644 268 708; x_wconf 90' lang='grc' dir='ltr'><strong><em>τῶν</em></strong></span> <span class='ocrx_word' id='word_1_29' title='bbox 295 641 360 729; x_wconf 90' lang='grc' dir='ltr'><strong><em>πρὸ</em></strong></span> <span class='ocrx_word' id='word_1_30' title='bbox 387 637 484 727; x_wconf 85' lang='grc' dir='ltr'><strong><em>ήμῶν</em></strong></span> <span class='ocrx_word' id='word_1_31' title='bbox 512 641 707 727; x_wconf 89' lang='grc' dir='ltr'><strong><em>γέγραπται,</em></strong></span> <span class='ocrx_word' id='word_1_32' title='bbox 740 639 852 707; x_wconf 90' lang='grc' dir='ltr'><strong><em>κῶνον</em></strong></span> <span class='ocrx_word' id='word_1_33' title='bbox 880 641 963 726; x_wconf 82' lang='grc' dir='ltr'><strong><em>τομή</em></strong></span> <span class='ocrx_word' id='word_1_34' title='bbox 992 642 1121 707; x_wconf 85' lang='grc' dir='ltr'><strong><em>κύκλου</em></strong></span> 
     </span>
     <span class='ocr_line' id='line_1_6' title="bbox 100 742 1173 836; baseline -0.007 -21"><span class='ocrx_word' id='word_1_35' title='bbox 100 752 294 836; x_wconf 76' lang='grc' dir='ltr'><strong><em>περιφερείᾳ</em></strong></span> <span class='ocrx_word' id='word_1_36' title='bbox 322 745 404 814; x_wconf 82' lang='grc' dir='ltr'><strong><em>κατὰ</em></strong></span> <span class='ocrx_word' id='word_1_37' title='bbox 433 745 522 815; x_wconf 88' lang='grc' dir='ltr'><strong><em>πόσα</em></strong></span> <span class='ocrx_word' id='word_1_38' title='bbox 551 759 670 832; x_wconf 83' lang='grc' dir='ltr'><strong><em>σημεῖα</em></strong></span> <span class='ocrx_word' id='word_1_39' title='bbox 697 744 879 832; x_wconf 81' lang='grc' dir='ltr'><strong><em>συμβάλλει</em></strong></span> <span class='ocrx_word' id='word_1_40' title='bbox 902 746 958 813; x_wconf 79' lang='grc' dir='ltr'><strong><em>καὶ</em></strong></span> <span class='ocrx_word' id='word_1_41' title='bbox 981 742 1119 814; x_wconf 87' lang='grc' dir='ltr'><strong><em>άντικεί-</em></strong></span> <span class='ocrx_word' id='word_1_42' title='bbox 1154 759 1173 808; x_wconf 83' lang='lat'>5</span> 
     </span>
     <span class='ocr_line' id='line_1_7' title="bbox 102 850 1119 940; baseline 0.002 -20"><span class='ocrx_word' id='word_1_43' title='bbox 102 880 201 940; x_wconf 90' lang='grc' dir='ltr'><strong><em>μεναι</em></strong></span> <span class='ocrx_word' id='word_1_44' title='bbox 229 850 472 939; x_wconf 79' lang='grc' dir='ltr'><strong><em>ἀντικειμέναις</em></strong></span> <span class='ocrx_word' id='word_1_45' title='bbox 495 850 576 919; x_wconf 78' lang='grc' dir='ltr'><strong><em>κατὰ</em></strong></span> <span class='ocrx_word' id='word_1_46' title='bbox 601 851 689 919; x_wconf 87' lang='grc' dir='ltr'><strong><em>πόσα</em></strong></span> <span class='ocrx_word' id='word_1_47' title='bbox 713 863 832 937; x_wconf 82' lang='grc' dir='ltr'><strong><em>σημεῖα</em></strong></span> <span class='ocrx_word' id='word_1_48' title='bbox 856 850 1119 937; x_wconf 83' lang='grc' dir='ltr'><strong><em>συμβάλλουσιν.</em></strong></span> 
     </span>
     <span class='ocr_line' id='line_1_8' title="bbox 101 946 1120 1047; baseline 0 -21"><span class='ocrx_word' id='word_1_49' title='bbox 101 958 141 1026; x_wconf 81' lang='grc' dir='ltr'><strong><em>τὰ</em></strong></span> <span class='ocrx_word' id='word_1_50' title='bbox 171 960 208 1027; x_wconf 72' lang='grc' dir='ltr'><strong><em>δὲ</em></strong></span> <span class='ocrx_word' id='word_1_51' title='bbox 236 957 336 1027; x_wconf 81' lang='grc' dir='ltr'><strong><em>λοιπά</em></strong></span> <span class='ocrx_word' id='word_1_52' title='bbox 366 946 387 1025; x_wconf 56' lang='lat' dir='ltr'><strong><em>t}</em></strong></span> <span class='ocrx_word' id='word_1_53' title='bbox 414 954 785 1047; x_wconf 88' lang='grc' dir='ltr'><strong><em>περιουσιαστικῶτερα·</em></strong></span> <span class='ocrx_word' id='word_1_54' title='bbox 815 958 970 1045; x_wconf 77' lang='grc' dir='ltr'><strong><em>ἔστιγὰρ</em></strong></span> <span class='ocrx_word' id='word_1_55' title='bbox 994 959 1031 1025; x_wconf 88' lang='grc' dir='ltr'><strong><em>τὸ</em></strong></span> <span class='ocrx_word' id='word_1_56' title='bbox 1056 958 1120 1044; x_wconf 71' lang='grc' dir='ltr'><strong><em>μέν</em></strong></span> 
     </span>
     <span class='ocr_line' id='line_1_9' title="bbox 102 1061 1120 1153; baseline 0 -22"><span class='ocrx_word' id='word_1_57' title='bbox 102 1066 178 1151; x_wconf 79' lang='grc' dir='ltr'><strong><em>περὶ</em></strong></span> <span class='ocrx_word' id='word_1_58' title='bbox 207 1067 389 1153; x_wconf 80' lang='grc' dir='ltr'><strong><em>ἐλαχίστων</em></strong></span> <span class='ocrx_word' id='word_1_59' title='bbox 413 1066 469 1133; x_wconf 83' lang='grc' dir='ltr'><strong><em>καὶ</em></strong></span> <span class='ocrx_word' id='word_1_60' title='bbox 491 1069 659 1153; x_wconf 83' lang='grc' dir='ltr'><strong><em>μεγίστων</em></strong></span> <span class='ocrx_word' id='word_1_61' title='bbox 686 1063 739 1131; x_wconf 78' lang='grc' dir='ltr'><strong><em>ἐπὶ</em></strong></span> <span class='ocrx_word' id='word_1_62' title='bbox 761 1070 893 1150; x_wconf 79' lang='grc' dir='ltr'><strong><em>πλεῖον,</em></strong></span> <span class='ocrx_word' id='word_1_63' title='bbox 921 1061 958 1131; x_wconf 88' lang='grc' dir='ltr'><strong><em>τὸ</em></strong></span> <span class='ocrx_word' id='word_1_64' title='bbox 983 1063 1021 1131; x_wconf 74' lang='grc' dir='ltr'><strong><em>δὲ</em></strong></span> <span class='ocrx_word' id='word_1_65' title='bbox 1042 1068 1120 1150; x_wconf 79' lang='grc' dir='ltr'><strong><em>περὶ</em></strong></span> 
     </span>
     <span class='ocr_line' id='line_1_10' title="bbox 101 1168 1119 1258; baseline -0.001 -20"><span class='ocrx_word' id='word_1_66' title='bbox 101 1180 186 1239; x_wconf 89' lang='grc' dir='ltr'><strong><em>ίσων</em></strong></span> <span class='ocrx_word' id='word_1_67' title='bbox 209 1172 265 1239; x_wconf 83' lang='grc' dir='ltr'><strong><em>καὶ</em></strong></span> <span class='ocrx_word' id='word_1_68' title='bbox 290 1169 417 1257; x_wconf 89' lang='grc' dir='ltr'><strong><em>ὁμοίων</em></strong></span> <span class='ocrx_word' id='word_1_69' title='bbox 440 1175 563 1258; x_wconf 90' lang='grc' dir='ltr'><strong><em>τομῶν,</em></strong></span> <span class='ocrx_word' id='word_1_70' title='bbox 586 1169 624 1238; x_wconf 88' lang='grc' dir='ltr'><strong><em>τὸ</em></strong></span> <span class='ocrx_word' id='word_1_71' title='bbox 649 1168 687 1237; x_wconf 73' lang='grc' dir='ltr'><strong><em>δὲ</em></strong></span> <span class='ocrx_word' id='word_1_72' title='bbox 711 1172 925 1257; x_wconf 77' lang='grc' dir='ltr'><strong><em>ὃιοριστικῶν</em></strong></span> <span class='ocrx_word' id='word_1_73' title='bbox 942 1168 1119 1257; x_wconf 78' lang='grc' dir='ltr'><strong><em>θεωρημά-</em></strong></span> 
     </span>
     <span class='ocr_line' id='line_1_11' title="bbox 100 1273 1173 1365; baseline -0.007 -20"><span class='ocrx_word' id='word_1_74' title='bbox 100 1303 183 1362; x_wconf 90' lang='grc' dir='ltr'><strong><em>των,</em></strong></span> <span class='ocrx_word' id='word_1_75' title='bbox 208 1274 246 1345; x_wconf 86' lang='grc' dir='ltr'><strong><em>τὸ</em></strong></span> <span class='ocrx_word' id='word_1_76' title='bbox 271 1276 308 1345; x_wconf 73' lang='grc' dir='ltr'><strong><em>δὲ</em></strong></span> <span class='ocrx_word' id='word_1_77' title='bbox 331 1288 485 1346; x_wconf 82' lang='grc' dir='ltr'><strong><em>κωνικῶν</em></strong></span> <span class='ocrx_word' id='word_1_78' title='bbox 507 1275 753 1365; x_wconf 81' lang='grc' dir='ltr'><strong><em>προβλημάτων</em></strong></span> <span class='ocrx_word' id='word_1_79' title='bbox 777 1273 1037 1361; x_wconf 52' lang='grc' dir='ltr'><strong><em>διωρισμένωνιί</em></strong></span> <span class='ocrx_word' id='word_1_80' title='bbox 1138 1291 1173 1339; x_wconf 86' lang='grc'><strong><em>10</em></strong></span> 
     </span>
     <span class='ocr_line' id='line_1_12' title="bbox 165 1381 608 1471; baseline 0 -20"><span class='ocrx_word' id='word_1_81' title='bbox 165 1381 388 1464; x_wconf 87' lang='grc' dir='ltr'><strong><em>Ἀπολλῶνιος</em></strong></span> <span class='ocrx_word' id='word_1_82' title='bbox 410 1383 472 1471; x_wconf 73' lang='grc' dir='ltr'><strong><em>μὲν</em></strong></span> <span class='ocrx_word' id='word_1_83' title='bbox 495 1387 608 1451; x_wconf 82' lang='grc' dir='ltr'><strong><em>ταῦτα.</em></strong></span> 
     </span>
    </p>
   </div>
   <div class='ocr_carea' id='block_1_3' title="bbox 167 1526 759 1613">
    <p class='ocr_par' dir='ltr' id='par_1_3' title="bbox 167 1526 759 1613">
     <span class='ocr_line' id='line_1_13' title="bbox 167 1526 759 1613; baseline 0.002 -22"><span class='ocrx_word' id='word_1_84' title='bbox 167 1528 196 1591; x_wconf 76' lang='lat'><strong><em>2.</em></strong></span> <span class='ocrx_word' id='word_1_85' title='bbox 221 1527 352 1612; x_wconf 84' lang='lat' dir='ltr'>Pappus</span> <span class='ocrx_word' id='word_1_86' title='bbox 377 1526 575 1612; x_wconf 76' lang='lat' dir='ltr'><strong>V11,42p.</strong></span> <span class='ocrx_word' id='word_1_87' title='bbox 600 1528 678 1613; x_wconf 76' lang='lat'><strong>682,</strong></span> <span class='ocrx_word' id='word_1_88' title='bbox 703 1527 759 1592; x_wconf 82' lang='lat'><strong><em>21:</em></strong></span> 
     </span>
    </p>
   </div>
   <div class='ocr_carea' id='block_1_4' title="bbox 100 1646 1174 1946">
    <p class='ocr_par' dir='ltr' id='par_1_4' title="bbox 100 1646 1174 1946">
     <span class='ocr_line' id='line_1_14' title="bbox 158 1646 1120 1750; baseline 0.001 -35"><span class='ocrx_word' id='word_1_89' title='bbox 158 1648 250 1734; x_wconf 81' lang='grc' dir='ltr'><strong><em>Ἔχει</em></strong></span> <span class='ocrx_word' id='word_1_90' title='bbox 272 1647 309 1716; x_wconf 70' lang='grc' dir='ltr'><strong><em>δὲ</em></strong></span> <span class='ocrx_word' id='word_1_91' title='bbox 327 1648 367 1715; x_wconf 81' lang='grc' dir='ltr'><strong><em>τὰ</em></strong></span> <span class='ocrx_word' id='word_1_92' title='bbox 381 1660 402 1735; x_wconf 81' lang='grc' dir='ltr'><strong><em>ή</em></strong></span> <span class='ocrx_word' id='word_1_93' title='bbox 416 1654 530 1735; x_wconf 89' lang='grc' dir='ltr'><strong><em>βιβλία</em></strong></span> <span class='ocrx_word' id='word_1_94' title='bbox 544 1646 850 1750; x_wconf 42' lang='grc' dir='ltr'><strong><em>τῶρπολλωνίου</em></strong></span> <span class='ocrx_word' id='word_1_95' title='bbox 863 1651 1017 1716; x_wconf 80' lang='grc' dir='ltr'><strong><em>κωνικῶν</em></strong></span> <span class='ocrx_word' id='word_1_96' title='bbox 1030 1657 1120 1716; x_wconf 78' lang='grc' dir='ltr'><strong><em>θεω-</em></strong></span> 
     </span>
     <span class='ocr_line' id='line_1_15' title="bbox 100 1751 1119 1844; baseline 0 -23"><span class='ocrx_word' id='word_1_97' title='bbox 100 1752 230 1840; x_wconf 89' lang='grc' dir='ltr'><strong><em>ρήματα</em></strong></span> <span class='ocrx_word' id='word_1_98' title='bbox 249 1752 323 1841; x_wconf 84' lang='grc' dir='ltr'><strong><em>ήτοι</em></strong></span> <span class='ocrx_word' id='word_1_99' title='bbox 343 1755 576 1844; x_wconf 76' lang='grc' dir='ltr'><strong><em>διαγράμματα</em></strong></span> <span class='ocrx_word' id='word_1_100' title='bbox 591 1761 664 1841; x_wconf 82' lang='grc' dir='ltr'><strong><em>υπζ,</em></strong></span> <span class='ocrx_word' id='word_1_101' title='bbox 683 1754 835 1841; x_wconf 79' lang='grc' dir='ltr'><strong><em>λήμματα</em></strong></span> <span class='ocrx_word' id='word_1_102' title='bbox 856 1753 893 1822; x_wconf 70' lang='grc' dir='ltr'><strong><em>δὲ</em></strong></span> <span class='ocrx_word' id='word_1_103' title='bbox 907 1751 981 1840; x_wconf 86' lang='grc' dir='ltr'><strong><em>ήτοι</em></strong></span> <span class='ocrx_word' id='word_1_104' title='bbox 996 1759 1119 1841; x_wconf 89' lang='grc' dir='ltr'><strong><em>λαμβα-</em></strong></span> 
     </span>
     <span class='ocr_line' id='line_1_16' title="bbox 100 1859 1174 1946; baseline 0.006 -19"><span class='ocrx_word' id='word_1_105' title='bbox 100 1859 228 1946; x_wconf 87' lang='grc' dir='ltr'><strong><em>νόμενά</em></strong></span> <span class='ocrx_word' id='word_1_106' title='bbox 252 1862 342 1928; x_wconf 78' lang='grc' dir='ltr'><strong><em>ἐστιν</em></strong></span> <span class='ocrx_word' id='word_1_107' title='bbox 366 1865 414 1941; x_wconf 89' lang='grc' dir='ltr'><strong><em>είς</em></strong></span> <span class='ocrx_word' id='word_1_108' title='bbox 437 1859 520 1930; x_wconf 83' lang='grc' dir='ltr'><strong><em>αὐτὰ</em></strong></span> <span class='ocrx_word' id='word_1_109' title='bbox 544 1874 572 1930; x_wconf 80' lang='grc' dir='ltr'><strong><em>ὃ.</em></strong></span> <span class='ocrx_word' id='word_1_110' title='bbox 1137 1875 1174 1926; x_wconf 74' lang='lat'><strong><em>15</em></strong></span> 
     </span>
    </p>
   </div>
   <div class='ocr_carea' id='block_1_5' title="bbox 100 2005 1175 2644">
    <p class='ocr_par' dir='ltr' id='par_1_5' title="bbox 169 2005 658 2090">
     <span class='ocr_line' id='line_1_17' title="bbox 169 2005 658 2090; baseline -0.004 -20"><span class='ocrx_word' id='word_1_111' title='bbox 169 2006 198 2070; x_wconf 86' lang='lat'><strong><em>3.</em></strong></span> <span class='ocrx_word' id='word_1_112' title='bbox 222 2005 352 2090; x_wconf 84' lang='lat' dir='ltr'>Pappus</span> <span class='ocrx_word' id='word_1_113' title='bbox 377 2005 434 2090; x_wconf 85' lang='lat' dir='ltr'><strong><em>IV,</em></strong></span> <span class='ocrx_word' id='word_1_114' title='bbox 458 2005 500 2071; x_wconf 86' lang='lat'><strong><em>59</em></strong></span> <span class='ocrx_word' id='word_1_115' title='bbox 524 2028 555 2089; x_wconf 92' lang='lat' dir='ltr'><strong><em>p.</em></strong></span> <span class='ocrx_word' id='word_1_116' title='bbox 578 2005 658 2069; x_wconf 78' lang='lat'>270:</span> 
     </span>
    </p>

    <p class='ocr_par' dir='ltr' id='par_1_6' title="bbox 100 2121 1175 2644">
     <span class='ocr_line' id='line_1_18' title="bbox 169 2121 1121 2212; baseline -0.002 -18"><span class='ocrx_word' id='word_1_117' title='bbox 169 2134 276 2194; x_wconf 84' lang='grc' dir='ltr'><strong><em>Δοκεί</em></strong></span> <span class='ocrx_word' id='word_1_118' title='bbox 307 2126 348 2193; x_wconf 79' lang='grc' dir='ltr'><strong><em>δέ</em></strong></span> <span class='ocrx_word' id='word_1_119' title='bbox 375 2150 444 2205; x_wconf 83' lang='grc' dir='ltr'><strong><em>πως</em></strong></span> <span class='ocrx_word' id='word_1_120' title='bbox 471 2122 649 2212; x_wconf 79' lang='grc' dir='ltr'><strong><em>ἁμάρτημα</em></strong></span> <span class='ocrx_word' id='word_1_121' title='bbox 677 2122 714 2191; x_wconf 90' lang='grc' dir='ltr'><strong><em>τὸ</em></strong></span> <span class='ocrx_word' id='word_1_122' title='bbox 743 2127 899 2191; x_wconf 80' lang='grc' dir='ltr'><strong><em>τοιοῦτον</em></strong></span> <span class='ocrx_word' id='word_1_123' title='bbox 929 2121 970 2191; x_wconf 84' lang='grc' dir='ltr'><strong><em>οὐ</em></strong></span> <span class='ocrx_word' id='word_1_124' title='bbox 997 2122 1121 2212; x_wconf 89' lang='grc' dir='ltr'><strong><em>μικρὸν</em></strong></span> 
     </span>
     <span class='ocr_line' id='line_1_19' title="bbox 100 2229 1120 2320; baseline -0.003 -20"><span class='ocrx_word' id='word_1_125' title='bbox 100 2231 188 2301; x_wconf 77' lang='grc' dir='ltr'><strong><em>εἶναι</em></strong></span> <span class='ocrx_word' id='word_1_126' title='bbox 214 2246 284 2313; x_wconf 73' lang='grc' dir='ltr'><strong><em>τοῖς</em></strong></span> <span class='ocrx_word' id='word_1_127' title='bbox 311 2233 527 2320; x_wconf 82' lang='grc' dir='ltr'><strong><em>γεωμέτραις,</em></strong></span> <span class='ocrx_word' id='word_1_128' title='bbox 558 2229 641 2299; x_wconf 82' lang='grc' dir='ltr'><strong><em>ὅταν</em></strong></span> <span class='ocrx_word' id='word_1_129' title='bbox 669 2233 828 2299; x_wconf 75' lang='grc' dir='ltr'><strong><em>ἐπίπεδον</em></strong></span> <span class='ocrx_word' id='word_1_130' title='bbox 855 2229 1032 2317; x_wconf 86' lang='grc' dir='ltr'><strong><em>πρόβλημα</em></strong></span> <span class='ocrx_word' id='word_1_131' title='bbox 1062 2229 1120 2298; x_wconf 73' lang='grc' dir='ltr'><strong><em>διὰ</em></strong></span> 
     </span>
     <span class='ocr_line' id='line_1_20' title="bbox 101 2333 1120 2426; baseline -0.002 -19"><span class='ocrx_word' id='word_1_132' title='bbox 101 2349 168 2407; x_wconf 81' lang='grc' dir='ltr'><strong><em>τῶν</em></strong></span> <span class='ocrx_word' id='word_1_133' title='bbox 196 2343 349 2407; x_wconf 77' lang='grc' dir='ltr'><strong><em>κωνικῶν</em></strong></span> <span class='ocrx_word' id='word_1_134' title='bbox 372 2335 393 2425; x_wconf 85' lang='grc' dir='ltr'><strong><em>ή</em></strong></span> <span class='ocrx_word' id='word_1_135' title='bbox 417 2342 485 2407; x_wconf 87' lang='grc' dir='ltr'><strong><em>τῶν</em></strong></span> <span class='ocrx_word' id='word_1_136' title='bbox 504 2341 701 2426; x_wconf 78' lang='grc' dir='ltr'><strong><em>γραμμικῶν</em></strong></span> <span class='ocrx_word' id='word_1_137' title='bbox 720 2333 787 2404; x_wconf 80' lang='grc' dir='ltr'><strong><em>ὑπό</em></strong></span> <span class='ocrx_word' id='word_1_138' title='bbox 806 2362 896 2416; x_wconf 90' lang='grc' dir='ltr'><strong><em>τινος</em></strong></span> <span class='ocrx_word' id='word_1_139' title='bbox 916 2333 1120 2425; x_wconf 83' lang='grc' dir='ltr'><strong><em>εὑρίσκηται,</em></strong></span> 
     </span>
     <span class='ocr_line' id='line_1_21' title="bbox 100 2441 1175 2531; baseline -0.004 -19"><span class='ocrx_word' id='word_1_140' title='bbox 100 2445 156 2512; x_wconf 82' lang='grc' dir='ltr'><strong><em>καὶ</em></strong></span> <span class='ocrx_word' id='word_1_141' title='bbox 188 2446 226 2514; x_wconf 90' lang='grc' dir='ltr'><strong><em>τὸ</em></strong></span> <span class='ocrx_word' id='word_1_142' title='bbox 260 2446 426 2531; x_wconf 82' lang='grc' dir='ltr'><strong><em>σύνολον,</em></strong></span> <span class='ocrx_word' id='word_1_143' title='bbox 458 2442 540 2513; x_wconf 83' lang='grc' dir='ltr'><strong><em>ὅταν</em></strong></span> <span class='ocrx_word' id='word_1_144' title='bbox 573 2445 606 2525; x_wconf 81' lang='grc' dir='ltr'><strong><em>ἐξ</em></strong></span> <span class='ocrx_word' id='word_1_145' title='bbox 638 2442 811 2511; x_wconf 86' lang='grc' dir='ltr'><strong><em>άνοικείου</em></strong></span> <span class='ocrx_word' id='word_1_146' title='bbox 840 2441 960 2528; x_wconf 83' lang='grc' dir='ltr'><strong><em>λύηται</em></strong></span> <span class='ocrx_word' id='word_1_147' title='bbox 986 2444 1119 2529; x_wconf 82' lang='grc' dir='ltr'><strong><em>γένους,</em></strong></span> <span class='ocrx_word' id='word_1_148' title='bbox 1136 2459 1175 2510; x_wconf 82' lang='grc'><strong><em>20</em></strong></span> 
     </span>
     <span class='ocr_line' id='line_1_22' title="bbox 102 2546 1120 2644; baseline -0.002 -24"><span class='ocrx_word' id='word_1_149' title='bbox 102 2546 176 2620; x_wconf 84' lang='grc' dir='ltr'><strong><em>οἷόν</em></strong></span> <span class='ocrx_word' id='word_1_150' title='bbox 195 2555 286 2620; x_wconf 78' lang='grc' dir='ltr'><strong><em>ἐστιν</em></strong></span> <span class='ocrx_word' id='word_1_151' title='bbox 305 2553 342 2619; x_wconf 90' lang='grc' dir='ltr'><strong><em>τὸ</em></strong></span> <span class='ocrx_word' id='word_1_152' title='bbox 363 2554 399 2620; x_wconf 86' lang='grc' dir='ltr'><strong><em>έν</em></strong></span> <span class='ocrx_word' id='word_1_153' title='bbox 418 2554 465 2644; x_wconf 78' lang='grc' dir='ltr'><strong><em>τῷ</em></strong></span> <span class='ocrx_word' id='word_1_154' title='bbox 483 2552 617 2642; x_wconf 78' lang='grc' dir='ltr'><strong><em>πέμπτῳ</em></strong></span> <span class='ocrx_word' id='word_1_155' title='bbox 637 2553 705 2617; x_wconf 87' lang='grc' dir='ltr'><strong><em>τῶν</em></strong></span> <span class='ocrx_word' id='word_1_156' title='bbox 721 2546 948 2617; x_wconf 86' lang='grc' dir='ltr'><strong><em>Ἀπολλωνίου</em></strong></span> <span class='ocrx_word' id='word_1_157' title='bbox 964 2551 1120 2618; x_wconf 88' lang='grc' dir='ltr'><strong><em>κωνικῶν</em></strong></span> 
     </span>
    </p>
   </div>
   <div class='ocr_carea' id='block_1_6' title="bbox 100 2658 1120 2885">
    <p class='ocr_par' dir='ltr' id='par_1_7' title="bbox 100 2658 1120 2885">
     <span class='ocr_line' id='line_1_23' title="bbox 100 2658 658 2745; baseline -0.002 -21"><span class='ocrx_word' id='word_1_158' title='bbox 100 2658 153 2725; x_wconf 84' lang='grc' dir='ltr'><strong><em>έπλ</em></strong></span> <span class='ocrx_word' id='word_1_159' title='bbox 177 2662 236 2745; x_wconf 88' lang='grc' dir='ltr'><strong><em>τής</em></strong></span> <span class='ocrx_word' id='word_1_160' title='bbox 258 2664 451 2745; x_wconf 78' lang='grc' dir='ltr'><strong><em>παραβολῆς</em></strong></span> <span class='ocrx_word' id='word_1_161' title='bbox 473 2659 658 2745; x_wconf 90' lang='grc' dir='ltr'><strong><em>πρόβλημα.</em></strong></span> 
     </span>
     <span class='ocr_line' id='line_1_24' title="bbox 168 2799 1120 2885; baseline -0.003 -19"><span class='ocrx_word' id='word_1_162' title='bbox 168 2802 199 2868; x_wconf 90' lang='lat'><strong><em>4.</em></strong></span> <span class='ocrx_word' id='word_1_163' title='bbox 218 2801 377 2868; x_wconf 76' lang='lat' dir='ltr'><strong>Eutoeius</strong></span> <span class='ocrx_word' id='word_1_164' title='bbox 395 2803 429 2867; x_wconf 87' lang='lat' dir='ltr'><strong><em>in</em></strong></span> <span class='ocrx_word' id='word_1_165' title='bbox 448 2802 676 2867; x_wconf 82' lang='lat' dir='ltr'><strong>Archimedem</strong></span> <span class='ocrx_word' id='word_1_166' title='bbox 694 2799 745 2865; x_wconf 92' lang='grc' dir='ltr'><strong><em>ΙΙΙ</em></strong></span> <span class='ocrx_word' id='word_1_167' title='bbox 763 2824 794 2885; x_wconf 91' lang='lat' dir='ltr'><strong><em>p.</em></strong></span> <span class='ocrx_word' id='word_1_168' title='bbox 814 2800 879 2865; x_wconf 77' lang='lat'><strong><em>332</em></strong></span> <span class='ocrx_word' id='word_1_169' title='bbox 898 2799 946 2864; x_wconf 86' lang='lat' dir='ltr'><strong><em>ed.</em></strong></span> <span class='ocrx_word' id='word_1_170' title='bbox 961 2799 1120 2884; x_wconf 82' lang='lat' dir='ltr'>Heiberg:</span> 
     </span>
    </p>
   </div>
   <div class='ocr_carea' id='block_1_7' title="bbox 101 2919 1174 3138">
    <p class='ocr_par' dir='ltr' id='par_1_8' title="bbox 101 2919 1174 3118">
     <span class='ocr_line' id='line_1_25' title="bbox 172 2919 1121 3011; baseline -0.002 -22"><span class='ocrx_word' id='word_1_171' title='bbox 172 2922 220 2990; x_wconf 83' lang='grc' dir='ltr'><strong><em>Τά</em></strong></span> <span class='ocrx_word' id='word_1_172' title='bbox 249 2922 349 3011; x_wconf 81' lang='grc' dir='ltr'><strong><em>ὅμοια</em></strong></span> <span class='ocrx_word' id='word_1_173' title='bbox 376 2923 527 3011; x_wconf 79' lang='grc' dir='ltr'><strong><em>τμήματα</em></strong></span> <span class='ocrx_word' id='word_1_174' title='bbox 554 2926 622 2991; x_wconf 87' lang='grc' dir='ltr'><strong><em>τῶν</em></strong></span> <span class='ocrx_word' id='word_1_175' title='bbox 652 2925 712 2990; x_wconf 84' lang='grc' dir='ltr'><strong><em>τοῦ</em></strong></span> <span class='ocrx_word' id='word_1_176' title='bbox 736 2921 850 2990; x_wconf 91' lang='grc' dir='ltr'><strong><em>κῶνου</em></strong></span> <span class='ocrx_word' id='word_1_177' title='bbox 871 2925 984 3008; x_wconf 88' lang='grc' dir='ltr'><strong><em>τομῶν</em></strong></span> <span class='ocrx_word' id='word_1_178' title='bbox 1003 2919 1121 2987; x_wconf 85' lang='grc' dir='ltr'><strong><em>Ἀπολ-</em></strong></span> 
     </span>
     <span class='ocr_line' id='line_1_26' title="bbox 101 3027 1174 3138; baseline -0.006 -42"><span class='ocrx_word' id='word_1_179' title='bbox 101 3029 268 3109; x_wconf 62' lang='grc' dir='ltr'><strong><em>λῶνιος*</em></strong></span> <span class='ocrx_word' id='word_1_180' title='bbox 251 3057 298 3118; x_wconf 94' lang='grc' dir='ltr'><strong><em>ωρ</em></strong></span> <span class='ocrx_word' id='word_1_181' title='bbox 302 3034 394 3098; x_wconf 86' lang='grc' dir='ltr'><strong><em>ίσατο</em></strong></span> <span class='ocrx_word' id='word_1_182' title='bbox 422 3032 459 3098; x_wconf 83' lang='grc' dir='ltr'><strong><em>ἐν</em></strong></span> <span class='ocrx_word' id='word_1_183' title='bbox 482 3031 572 3121; x_wconf 82' lang='grc' dir='ltr'><strong><em>τῶ</em></strong></span> <span class='ocrx_word' id='word_1_184' title='bbox 552 3054 633 3097; x_wconf 88' lang='grc' dir='ltr'><strong><em>εκτω</em></strong></span> <span class='ocrx_word' id='word_1_185' title='bbox 656 3033 776 3119; x_wconf 90' lang='grc' dir='ltr'><strong><em>βιβλίω</em></strong></span> <span class='ocrx_word' id='word_1_186' title='bbox 800 3031 868 3096; x_wconf 92' lang='grc' dir='ltr'><strong><em>τῶν</em></strong></span> <span class='ocrx_word' id='word_1_187' title='bbox 891 3030 1056 3111; x_wconf 91' lang='grc' dir='ltr'><strong><em>κωνικῶν,</em></strong></span> <span class='ocrx_word' id='word_1_188' title='bbox 1080 3027 1118 3094; x_wconf 84' lang='grc' dir='ltr'><strong><em>έν</em></strong></span> <span class='ocrx_word' id='word_1_189' title='bbox 1137 3041 1174 3138; x_wconf 70' lang='grc'><strong><em>23</em></strong></span> 
     </span>
    </p>
   </div>
   <div class='ocr_carea' id='block_1_8' title="bbox 102 3168 1120 3600">
    <p class='ocr_par' dir='ltr' id='par_1_9' title="bbox 102 3168 1120 3597">
     <span class='ocr_line' id='line_1_27' title="bbox 173 3168 1120 3258; baseline -0.004 -32"><span class='ocrx_word' id='word_1_190' title='bbox 173 3180 198 3226; x_wconf 81' lang='grc'>5</span> <span class='ocrx_word' id='word_1_191' title='bbox 222 3170 353 3226; x_wconf 86' lang='grc' dir='ltr'><strong><em>κατά-</em></strong></span> <span class='ocrx_word' id='word_1_192' title='bbox 377 3188 410 3226; x_wconf 88' lang='grc' dir='ltr'><strong><em>ον</em></strong></span> <span class='ocrx_word' id='word_1_193' title='bbox 413 3169 564 3258; x_wconf 86' lang='grc' dir='ltr'><strong><em>μβάλλει]</em></strong></span> <span class='ocrx_word' id='word_1_194' title='bbox 566 3170 620 3224; x_wconf 84' lang='lat' dir='ltr'><strong>del.</strong></span> <span class='ocrx_word' id='word_1_195' title='bbox 644 3168 774 3225; x_wconf 80' lang='lat' dir='ltr'><strong>Hultseh.</strong></span> <span class='ocrx_word' id='word_1_196' title='bbox 867 3174 908 3222; x_wconf 87' lang='grc'><strong><em>13.</em></strong></span> <span class='ocrx_word' id='word_1_197' title='bbox 938 3168 1120 3238; x_wconf 72' lang='grc' dir='ltr'><strong><em>η]ΗαΙλεολι</em></strong></span> 
     </span>
     <span class='ocr_line' id='line_1_28' title="bbox 102 3235 1119 3312; baseline -0.004 -15"><span class='ocrx_word' id='word_1_198' title='bbox 102 3259 166 3297; x_wconf 84' lang='lat' dir='ltr'><strong><em>cum</em></strong></span> <span class='ocrx_word' id='word_1_199' title='bbox 180 3242 300 3312; x_wconf 83' lang='lat' dir='ltr'>Halleio‚</span> <span class='ocrx_word' id='word_1_200' title='bbox 322 3241 432 3297; x_wconf 68' lang='lat' dir='ltr'><strong>scodd</strong></span> <span class='ocrx_word' id='word_1_201' title='bbox 490 3236 564 3295; x_wconf 79' lang='lat'>14.”</span> <span class='ocrx_word' id='word_1_202' title='bbox 545 3260 609 3310; x_wconf 86' lang='grc' dir='ltr'><strong><em>τοι</em></strong></span> <span class='ocrx_word' id='word_1_203' title='bbox 619 3241 741 3310; x_wconf 73' lang='grc' dir='ltr'><strong><em>(αλλ)</em></strong></span> <span class='ocrx_word' id='word_1_204' title='bbox 758 3245 799 3294; x_wconf 82' lang='lat'><strong><em>15</em></strong></span> <span class='ocrx_word' id='word_1_205' title='bbox 815 3235 903 3312; x_wconf 79' lang='grc' dir='ltr'><strong><em>αὐτά]</em></strong></span> <span class='ocrx_word' id='word_1_206' title='bbox 919 3238 973 3294; x_wconf 89' lang='lat' dir='ltr'>del.</span> <span class='ocrx_word' id='word_1_207' title='bbox 988 3238 1119 3295; x_wconf 81' lang='lat' dir='ltr'><strong>Hult.seh</strong></span> 
     </span>
     <span class='ocr_line' id='line_1_29' title="bbox 138 3308 1119 3397; baseline -0.003 -29"><span class='ocrx_word' id='word_1_208' title='bbox 138 3319 181 3368; x_wconf 89' lang='grc'><strong><em>21.</em></strong></span> <span class='ocrx_word' id='word_1_209' title='bbox 204 3313 337 3397; x_wconf 78' lang='grc' dir='ltr'><strong><em>πέμπτῳ]</em></strong></span> <span class='ocrx_word' id='word_1_210' title='bbox 362 3333 399 3382; x_wconf 89' lang='grc' dir='ltr'><strong><em>πρ</em></strong></span> <span class='ocrx_word' id='word_1_211' title='bbox 401 3312 462 3384; x_wconf 82' lang='grc' dir='ltr'><strong><em>άτῳ</em></strong></span> <span class='ocrx_word' id='word_1_212' title='bbox 481 3311 615 3381; x_wconf 76' lang='grc' dir='ltr'><strong><em>Ηιιίλιεοίι,</em></strong></span> <span class='ocrx_word' id='word_1_213' title='bbox 644 3313 692 3367; x_wconf 85' lang='lat' dir='ltr'><strong><em>sed</em></strong></span> <span class='ocrx_word' id='word_1_214' title='bbox 710 3330 738 3366; x_wconf 87' lang='lat' dir='ltr'>u</span> <span class='ocrx_word' id='word_1_215' title='bbox 757 3311 886 3378; x_wconf 79' lang='lat' dir='ltr'>Tannery</span> <span class='ocrx_word' id='word_1_216' title='bbox 908 3308 1059 3365; x_wconf 75' lang='grc' dir='ltr'><strong><em>Μέωοίεοε</em></strong></span> <span class='ocrx_word' id='word_1_217' title='bbox 1083 3310 1119 3365; x_wconf 80' lang='lat' dir='ltr'><strong><em>de</em></strong></span> 
     </span>
     <span class='ocr_line' id='line_1_30' title="bbox 102 3369 1119 3463; baseline -0.002 -26"><span class='ocrx_word' id='word_1_218' title='bbox 102 3384 131 3438; x_wconf 79' lang='lat' dir='ltr'><strong><em>la</em></strong></span> <span class='ocrx_word' id='word_1_219' title='bbox 154 3385 258 3440; x_wconf 72' lang='lat' dir='ltr'><strong>sooi6t6</strong></span> <span class='ocrx_word' id='word_1_220' title='bbox 283 3369 332 3440; x_wconf 77' lang='grc' dir='ltr'><strong><em>ᾱόε</em></strong></span> <span class='ocrx_word' id='word_1_221' title='bbox 356 3386 479 3439; x_wconf 81' lang='lat' dir='ltr'>sciences</span> <span class='ocrx_word' id='word_1_222' title='bbox 497 3383 652 3454; x_wconf 81' lang='lat' dir='ltr'>physiques</span> <span class='ocrx_word' id='word_1_223' title='bbox 677 3385 707 3438; x_wconf 72' lang='lat' dir='ltr'><strong><em>et</em></strong></span> <span class='ocrx_word' id='word_1_224' title='bbox 730 3380 883 3436; x_wconf 69' lang='lat' dir='ltr'><strong>naturenes</strong></span> <span class='ocrx_word' id='word_1_225' title='bbox 908 3381 942 3436; x_wconf 87' lang='lat' dir='ltr'><strong><em>de</em></strong></span> <span class='ocrx_word' id='word_1_226' title='bbox 961 3381 1119 3463; x_wconf 76' lang='grc' dir='ltr'><strong><em>Βοεάεειιι,</em></strong></span> 
     </span>
     <span class='ocr_line' id='line_1_31' title="bbox 102 3451 1120 3579; baseline -0.001 -71"><span class='ocrx_word' id='word_1_227' title='bbox 102 3455 400 3579; x_wconf 56' lang='lat' dir='ltr'>20s6r143Vp51sq„</span> <span class='ocrx_word' id='word_1_228' title='bbox 420 3453 643 3524; x_wconf 76' lang='lat' dir='ltr'><strong>qmrectehaee</strong></span> <span class='ocrx_word' id='word_1_229' title='bbox 662 3453 698 3507; x_wconf 79' lang='lat' dir='ltr'><strong><em>ad</em></strong></span> <span class='ocrx_word' id='word_1_230' title='bbox 718 3469 779 3508; x_wconf 81' lang='lat' dir='ltr'>oon.</span> <span class='ocrx_word' id='word_1_231' title='bbox 794 3451 828 3520; x_wconf 87' lang='lat' dir='ltr'><strong><em>V,</em></strong></span> <span class='ocrx_word' id='word_1_232' title='bbox 843 3458 877 3507; x_wconf 88' lang='grc'><strong><em>62</em></strong></span> <span class='ocrx_word' id='word_1_233' title='bbox 896 3451 1014 3508; x_wconf 75' lang='grc' dir='ltr'><strong><em>εολιλυίίλ.</em></strong></span> <span class='ocrx_word' id='word_1_234' title='bbox 1073 3458 1120 3510; x_wconf 82' lang='grc'><strong><em>25</em></strong></span> 
     </span>
     <span class='ocr_line' id='line_1_32' title="bbox 102 3524 302 3600; baseline 0.011 -21"><span class='ocrx_word' id='word_1_235' title='bbox 102 3524 187 3600; x_wconf 76' lang='grc' dir='ltr'><strong><em>ἕκτω]</em></strong></span> <span class='ocrx_word' id='word_1_236' title='bbox 228 3527 262 3581; x_wconf 86' lang='lat' dir='ltr'><strong><em>ef.</em></strong></span> <span class='ocrx_word' id='word_1_237' title='bbox 278 3533 302 3581; x_wconf 76' lang='lat'><strong><em>7.</em></strong></span> 
     </span>
    </p>
   </div>
   <div class='ocr_carea' id='block_1_9' title="bbox 0 0 1227 3892">
    <p class='ocr_par' dir='ltr' id='par_1_10' title="bbox 0 0 1227 3892">
     <span class='ocr_line' id='line_1_33' title="bbox 0 0 1227 3892; baseline 0 0"><span class='ocrx_word' id='word_1_238' title='bbox 0 0 1227 3892; x_wconf 95' lang='lat' dir='ltr'><strong><em> </em></strong></span> 
     </span>
    </p>
   </div>
  </div>
 </body>
</html>
