2444 3892
291 149 441 201 surocu
460 149 723 202 conunurran
740 151 779 202 m
799 149 941 204 norror.
1053 147 1118 214 229

102 295 227 377 potest,
255 295 291 357 ut
318 314 375 376 per
404 315 442 357 ea
468 293 554 377 ipsa,
583 314 664 377 quae
692 293 726 356 in
754 293 980 376 propositione
1005 294 1119 378 quinta

102 399 227 463 decima
252 387 339 463 dicta
363 401 447 483 sunt,
471 402 684 482 computetur.
724 420 801 463 nam
826 399 989 485 quoniam,
1012 404 1049 465 ut
1072 401 1119 464 ibi

103 507 363 570 demonstratum
382 507 441 587 est,
461 507 567 568 rectae
587 503 627 568 ad
647 508 718 568 ΛΕ
733 507 841 569 rectae
860 508 925 568 AB
944 506 1118 590 parallelae

103 612 220 677 ductae
259 609 433 695 quadratae
472 611 622 694 aequales
658 615 734 675 sunt
767 610 881 695 spatiis
915 611 956 675 ad
988 611 1117 676 tertiam

104 741 216 784 earum
237 716 526 802 proportionalem,
549 717 611 781 hoc
631 720 680 781 est
699 717 740 782 ad
760 720 834 800 ZA,
858 717 1037 802 adplicatis,
1057 719 1119 781 erit

103 827 532 907 AE2AB=A13=A23
572 845 671 908 quare
707 827 774 887 AB
810 824 895 887 inter
932 827 1014 908 EA,
1052 828 1118 887 ΔΖ

104 932 211 997 media
237 934 287 996 est
308 930 574 1016 proportionalis.
620 952 683 1014 qua
707 930 745 994 de
769 951 868 995 causa
891 930 988 994 etiam
1011 933 1118 995 rectae

105 1039 146 1104 ad
161 1042 226 1104 AB
244 1040 352 1103 rectae
367 1041 437 1100 ΛΕ
452 1037 625 1120 parallelae
645 1037 760 1102 ductae
778 1036 953 1122 quadratae
969 1037 1118 1120 aequales

104 1150 198 1210 erunt
222 1144 335 1229 spatiis
357 1143 398 1208 ad
416 1143 549 1207 tertiam
568 1146 731 1209 rectarum
750 1147 827 1227 ΛΕ,
850 1147 916 1207 AB
935 1143 1119 1227 proportio-

102 1253 220 1337 nalem,
243 1252 306 1316 hoc
330 1253 379 1315 est
403 1250 443 1314 ad
467 1253 547 1332 AN,
571 1249 752 1333 adplicatis.
787 1272 849 1335 qua
872 1251 910 1314 de
935 1272 1032 1315 causa
1051 1254 1121 1313 ΔΕ

105 1359 212 1423 altera
240 1357 417 1422 diametrus
446 1355 552 1420 media
580 1359 630 1420 est
657 1357 911 1440 proportionalis
935 1356 1020 1420 inter
1044 1359 1119 1439 BA,

102 1469 179 1529 AN
198 1463 302 1528 latera
324 1463 456 1548 figurae.

171 1570 336 1636 sciendum
360 1573 468 1634 autem
491 1569 553 1633 hoc
577 1590 717 1654 quoque,
746 1570 831 1653 quod
856 1569 897 1634 ad
919 1570 1041 1655 figuras
1066 1570 1117 1636 de-

102 1676 290 1742 scribendas
313 1676 392 1740 utile
412 1678 474 1758 est3
499 1677 652 1759 quoniam
676 1677 761 1741 enim
781 1676 930 1741 diametri
948 1682 980 1740 A
988 1680 1026 1762 B,
1050 1681 1120 1740 ΛΕ

103 1784 290 1867 inaequales
319 1785 396 1847 sunt
423 1778 515 1868 (nam
542 1782 577 1845 in
605 1784 675 1847 solo
700 1783 818 1848 circulo
843 1786 919 1847 sunt
942 1781 1119 1868 aequales),

104 1889 315 1954 manifestum
339 1891 401 1973 est,
424 1891 546 1953 rectam
571 1888 611 1952 ad
635 1889 793 1953 minorem
817 1910 928 1954 earum
951 1889 1118 1972 perpendi-

101 1996 244 2062 cularem
272 1994 403 2060 ductam
430 1998 468 2059 ut
495 1994 548 2058 hic
577 1997 656 2078 AZ,
690 1994 808 2079 quippe
838 2017 920 2080 quae
948 1995 1047 2059 tertia
1075 1996 1119 2060 sit

101 2102 358 2186 proportionalis
382 2104 544 2166 rectarum
564 2105 642 2184 ΔΕ,
665 2104 738 2184 AB,
762 2101 919 2166 maiorem
943 2123 1012 2166 esse
1031 2104 1118 2165 utra·

102 2231 174 2293 que,
188 2211 308 2274 rectam
323 2211 432 2273 autem
448 2207 488 2272 ad
502 2208 659 2272 maiorem
673 2206 972 2291 perpendicularem
987 2207 1118 2272 ductam

103 2319 141 2380 ut
177 2315 230 2379 hic
262 2317 348 2398 AN,
386 2313 504 2398 quippe
540 2335 623 2396 quae
659 2313 757 2377 tertia
790 2312 833 2375 sit
864 2313 1118 2397 proportionalis

102 2424 263 2487 rectarum
292 2424 371 2504 AB,
397 2423 479 2503 ΛΕ,
508 2419 667 2483 minorem
696 2421 831 2503 utraque
859 2418 964 2500 [Euol.
983 2418 1023 2503 V,
1047 2420 1117 2504 14];

102 2549 202 2614 quare
239 2528 339 2592 etiam
376 2526 525 2609 deinceps
558 2525 821 2609 proportionales
856 2527 931 2589 sunt
963 2529 1119 2608 quattuor

100 2636 179 2701 illae
201 2638 323 2718 rectae3
348 2655 424 2697 nam
447 2635 540 2696 AN:
556 2636 681 2695 AE=
697 2635 786 2696 Aa:
802 2633 867 2695 AB
882 2636 1026 2696 =AB:
1043 2636 1117 2697 AZ.

456 2807 514 2873 Ad
536 2830 642 2892 prop.
661 2807 766 2874 XVII.

169 2934 319 3000 Euclides
356 2934 390 2997 in
426 2932 649 3017 propositione
688 2933 804 3016 quinta
839 2931 995 3018 decima1)
1027 2933 1119 2997 tertii

101 3041 179 3105 libri
211 3040 458 3106 Elementorum
497 3039 748 3124 demonstrauit,
784 3042 920 3124 rectam,
958 3061 1040 3123 quae
1077 3030 1118 3103 ad

174 3199 201 3266 1)
221 3196 273 3252 aa
290 3196 378 3252 aum.
397 3196 446 3264 111,
467 3202 508 3250 rc.

102 3357 178 3412 ἐστιν
197 3355 243 3412 W.
325 3354 408 3427 μέση]
427 3355 480 3425 μέν
500 3355 569 3424 Wp‚
590 3372 659 3410 corr.
680 3354 784 3410 Comm.
866 3361 909 3410 20.
928 3357 996 3428 τῶν]
1017 3371 1070 3409 om.
1089 3374 1116 3424 p.

141 3429 211 3499 ΔΕ]
231 3435 257 3481 Δ
276 3445 291 3482 e
311 3444 381 3482 corr.
395 3429 425 3482 in
444 3425 525 3485 scrib.
540 3427 586 3484 W.
659 3432 702 3481 23.
721 3425 788 3481 Post
800 3429 901 3496 ’τρίτην
921 3427 976 3481 del.
996 3423 1071 3481 εἶναι
1090 3445 1116 3496 p.

139 3505 182 3555 26.
201 3498 447 3569 ANlNecorr.
466 3516 493 3567 p.
