2444 3892
287 161 437 214 aurocn
456 161 719 215 courmursan
736 161 937 217 nicomas
1046 160 1111 227 219

165 305 213 369 Et
236 308 295 369 est

183 407 1032 500 w:BA><AF=(BF:FA)><(BF:BA)

98 517 129 598 [I
161 540 189 601 p.
213 518 266 596 40,
287 520 424 600 8-10]:
456 519 490 583 in
522 519 747 602 propositione
779 516 890 582 XXIII
922 519 1005 583 sexti
1036 519 1112 584 libri

100 622 345 688 Elementorum
392 624 649 690 demonstratum
692 627 761 709 est,
806 624 1112 709 parallelogramma

101 729 319 813 aequiangula
346 731 432 794 inter
460 751 494 794 se
522 730 682 794 rationem
707 751 745 793 ex
769 730 948 794 rationibus
972 730 1112 796 laterum

99 837 316 919 compositam
334 836 468 920 haber03
495 836 648 920 quoniam
668 839 777 900 autem
795 835 858 900 hoc
880 857 936 918 per
954 836 1112 901 inductio-

99 962 173 1005 nem
208 943 313 1027 magis
351 963 455 1024 neque
493 941 573 1006 satis
606 941 718 1006 stricte
750 964 770 1006 a
802 941 1112 1007 commentatoribus

99 1049 333 1132 exponebatur,
363 1069 424 1112 nos
453 1047 491 1111 de
519 1069 558 1111 ea
584 1068 618 1110 re
648 1048 866 1130 quaesiuimus
895 1051 928 1111 et
956 1047 1113 1131 scriptum

99 1154 207 1217 estin
232 1154 488 1236 commentariis,
516 1175 597 1237 quae
621 1153 779 1218 edidimus
804 1154 844 1218 ad
868 1158 1019 1238 quartam
1041 1176 1112 1237 pro·

100 1258 296 1341 positionem
328 1260 404 1323 libri
437 1260 571 1323 alterius
601 1259 806 1324 Archimedis
839 1261 878 1324 de
911 1260 1049 1343 sphaera
1081 1263 1114 1323 et

97 1364 246 1446 cylindro
267 1364 484 1446 [Archimedis
508 1387 559 1449 op.
577 1363 629 1428 ΙΙΙ
652 1386 681 1447 p.
705 1366 770 1430 140
792 1366 853 1450 sq.]
878 1367 964 1430 etin
983 1365 1113 1430 scholiis

98 1471 196 1554 primi
215 1470 291 1534 libri
310 1471 555 1555 compositionis
575 1470 768 1554 Ptolemaei3
788 1493 901 1536 uerum
921 1473 1022 1537 satius
1043 1493 1113 1537 esse

102 1576 251 1640 duximus
275 1576 328 1640 hic
353 1597 479 1661 quoque
502 1577 587 1641 idem
610 1598 778 1660 exponere,
802 1577 961 1661 quianon
981 1578 1113 1642 omnino

99 1682 150 1766 iis,
174 1683 228 1767 qui
252 1683 332 1748 haec
356 1684 475 1767 legent,
498 1683 548 1747 illi
571 1705 699 1768 quoque
722 1684 797 1747 libri
816 1683 857 1748 ad
876 1705 1009 1748 manum
1028 1687 1113 1765 sunt,

99 1793 132 1851 et
155 1789 231 1873 quia
253 1791 359 1853 totum
383 1811 486 1872 paene
510 1810 591 1873 opus
615 1789 800 1854 oonicorum
824 1811 861 1855 eo
885 1791 995 1854 utitur.

166 1896 249 1959 ratio
285 1916 323 1958 ex
355 1895 538 1958 rationibus
572 1893 754 1978 composita
786 1915 856 1958 esse
891 1894 1020 1978 dicitur,
1057 1894 1114 1958 ubi

100 1999 262 2064 rationum
290 1999 491 2082 quantitates
519 1999 604 2064 inter
632 2021 667 2062 se
696 1997 930 2082 multiplicatae
953 2000 1112 2063 rationem

99 2105 261 2189 quandam
280 2104 436 2182 efficiunt,
456 2104 624 2188 quantitas
644 2108 753 2168 autem
772 2104 800 2167 is
820 2104 936 2168 dicitur
953 2126 1114 2186 numerus,

99 2233 120 2275 a
152 2233 215 2295 quo
247 2211 332 2275 ratio
366 2210 602 2274 denominatur.
654 2210 688 2273 in
721 2208 880 2292 multiplis
912 2210 1014 2296 igitur
1044 2211 1115 2274 fieri

100 2319 222 2399 potest,
258 2319 295 2380 ut
330 2316 495 2400 quantitas
529 2317 572 2380 sit
603 2318 693 2382 totus
726 2315 843 2400 aliquis
876 2321 1044 2399 numerus,
1079 2316 1114 2380 in

101 2422 235 2505 reliquis
254 2444 331 2487 uero
350 2422 531 2488 rationibus
549 2443 680 2487 necesse
695 2426 754 2508 est,
774 2421 988 2506 quantitatem
1002 2444 1113 2486 nume-

100 2551 173 2594 rum
206 2550 276 2593 esse
309 2550 381 2592 cum
413 2531 506 2611 parte
538 2528 591 2593 uel
623 2529 786 2613 partibus
819 2528 883 2594 nisi
916 2529 987 2612 quis
1015 2528 1114 2592 etiam

99 2635 307 2700 irrationales
325 2635 471 2699 rationes
490 2655 561 2700 esse
579 2634 742 2719 statuerit,
761 2635 874 2718 quales
894 2640 969 2700 sunt
987 2635 1114 2720 magni-

103 2740 253 2805 tudinum
277 2741 523 2806 irrationalium.
565 2763 678 2805 uerum
701 2741 736 2805 in
760 2741 909 2807 omnibus
932 2740 1113 2805 rationibus

102 2845 312 2911 manifestum
341 2850 404 2928 est,
431 2847 536 2929 ipsam
565 2847 780 2930 quantitatem
808 2847 843 2911 in
866 2846 1040 2911 terminum
1065 2867 1114 2910 sa

104 2955 256 3037 quantem
306 2951 525 3035 proportionis
572 2952 822 3035 multiplicatam
868 2952 1113 3036 praecedentem

102 3058 237 3123 efficere.

170 3164 214 3228 sit
249 3163 351 3248 igitur
387 3164 554 3247 proportio
587 3168 644 3226 A:
664 3167 706 3242 B,
745 3168 778 3228 et
811 3167 957 3228 sumatur
991 3164 1114 3228 medius

105 3291 264 3298 ----..-

106 3381 259 3445 γραφεῖναι
280 3375 322 3430 W.
381 3378 492 3429 lt-l'l.
513 3334 539 3485 ἓ
559 3392 614 3443 mg.
633 3372 678 3428 W.
736 3379 776 3428 l'l.
795 3377 1055 3428 πολλαπλασθεῖσαι
1069 3372 1115 3429 W.

140 3499 252 3570 ποιῶσι]
273 3517 305 3568 p,
325 3515 393 3552 ωσιν
411 3499 477 3568 post
494 3514 547 3552 ras.
568 3504 584 3552 3
604 3496 660 3553 litt.
679 3496 724 3552 W.
802 3502 845 3552 21.
864 3492 928 3568 τήν]
948 3514 976 3566 p,
997 3513 1050 3552 om.
1069 3496 1114 3551 W.
