2444 3892
136 150 201 213 152
417 150 680 204 COMMENTARIA
697 150 868 213 ANTIQUA.

134 291 197 378 μὲν
220 287 241 377 ἡ
266 296 343 357 ΑΗ
359 289 443 377 πρὸς
466 296 551 375 ΗΚ,
581 288 686 369 οὕτως
709 290 799 358 ἐστὶν
821 291 860 358 τὸ
885 286 950 356 άπὸ
973 296 1050 356 ΑΗ
1069 287 1154 375 πρὸς

134 395 174 464 τὸ
197 393 263 464 ὑπὸ
288 403 411 483 ΑΗΚ,
439 399 610 465 τουτέστιν
638 398 721 485 πρὸς
747 395 786 465 τὸ
808 393 874 464 ὑπὸ
900 401 1016 482 ΒΗΓ,
1045 392 1092 475 ὡς
1115 395 1154 463 δέ

136 499 239 588 ἡΛΖ
261 505 346 590 πρὸς
363 511 437 588 ZA,
462 505 568 583 οὕτως
592 501 737 571 ἐστὶν
705 528 743 570 το
761 499 954 588 ὑπόΛΖΑ,
977 504 1153 571 τουτέστιν

134 607 172 676 τὸ
196 634 262 677 ντο
279 616 389 695 ΔΖΘ
412 635 497 696 προς
514 610 636 678 τουτο
653 616 729 676 ΖΑ
754 606 940 736 ἔστιν’άροι,
964 608 1064 688 ωςτο
1079 606 1152 706 ἀπὸ

97 721 211 782 οΑΗ
230 713 314 801 πρὸς
335 713 374 783 τὸ
397 715 464 783 ὑπὸ
483 697 614 800 ΒΗΓ,
621 715 726 794 οὕτως
744 711 781 783 τὸ
801 703 867 784 {Ab
888 708 987 781 ΔΖΘ
1009 699 1104 800 πρὸς
1112 713 1151 782 τό

133 819 194 889 ἀντ(
224 829 297 891 ZA.

204 929 259 995 διὰ
293 928 330 997 δὲ
366 933 426 997 τοῦ
459 929 683 1016 συνημμένον.
742 924 858 995 έπελ“
844 954 862 995 ο
896 928 958 1015 μὲν
985 930 1044 1014 τῆς
1077 937 1109 994 Α
1118 934 1157 993 Η

137 1033 222 1122 πρὸς
244 1042 312 1103 ΗΒ
336 1035 437 1122 λόγος
460 1036 550 1103 ἐστὶν
571 1033 588 1102 ό
612 1038 670 1121 τῆς
694 1042 759 1102 ΘΕ
779 1032 863 1121 πρὸς
882 1040 956 1119 ΕΒ,
979 1035 1152 1101 τουτέστιν

138 1138 234 1229 ὁτῆς
249 1149 310 1209 ΘΖ
333 1141 418 1230 πρὸς
437 1149 503 1208 ΖΑ
527 1144 633 1224 [Euel.
647 1143 704 1229 VI,
722 1146 775 1225 4],
799 1138 817 1208 ὁ
842 1139 880 1208 δὲ
902 1143 961 1226 της
974 1142 1050 1206 ΑΗ
1068 1137 1153 1229 πρὸς

83 1264 118 1314 10
138 1245 200 1334 τὴν
222 1254 294 1314 ΗΓ
317 1248 416 1334 λόγος
444 1246 461 1316 ὁ
485 1247 587 1326 αὐτός
610 1249 699 1315 ἐστιν
727 1252 772 1339 τῷ
796 1251 855 1334 τῆς
877 1253 947 1314 ΔΒ
972 1247 1056 1333 πρὸς
1079 1253 1152 1332 ΕΓ,

137 1356 311 1422 τουτέστιν
335 1359 380 1443 τῷ
404 1365 462 1440 τῆς
486 1360 553 1420 ΔΖ
576 1351 658 1440 πρὸς
682 1360 747 1420 ZA
771 1355 875 1437 [Eucl.
893 1354 950 1439 VI,
968 1356 1021 1437 4]‚
1045 1349 1065 1420 ὁ
1090 1351 1154 1439 άρα

137 1460 352 1546 συνημμένος
382 1465 417 1526 έκ
442 1486 477 1527 τε
504 1463 565 1527 τοῦ
589 1456 630 1526 ὃν
658 1463 724 1544 ἔχει
752 1456 772 1544 ἡ
796 1464 873 1525 ΑΗ
895 1457 978 1545 πρὸς
1000 1463 1070 1526 ΗΒ
1097 1459 1153 1527 καὶ

138 1569 200 1632 τοῦ
224 1561 264 1631 ὃν
288 1570 354 1652 ἔχει
373 1563 393 1651 ἡ
412 1573 488 1632 ΑΗ
506 1565 591 1651 πρὸς
608 1570 689 1650 ΗΓ,
713 1562 750 1643 ὅς
768 1567 859 1633 ἐστιν
880 1561 897 1631 ὁ
917 1568 978 1632 τοῦ
997 1563 1062 1632 άπὸ
1083 1571 1159 1632 ΑΗ

137 1669 223 1757 πρὸς
245 1669 282 1737 τὸ
307 1668 372 1738 ὑπὸ
396 1678 512 1756 ΒΗΓ,
541 1668 559 1738 ὁ
585 1668 685 1751 αὐτός
708 1673 799 1739 ἐστιν
821 1675 866 1762 τῷ
891 1671 1094 1762 συνημμένῳ
1119 1676 1154 1738 ἔκ

84 1793 119 1842 15
138 1801 173 1842 τε
195 1779 257 1842 τοῦ
280 1779 339 1861 τῆς
363 1783 424 1844 ΘΖ
447 1775 531 1864 πρὸς
556 1785 621 1843 ZA
642 1778 698 1845 καὶ
721 1779 782 1844 τοῦ
804 1779 863 1863 τῆς
883 1784 946 1843 ΔΖ
970 1778 1053 1865 πρὸς
1078 1784 1154 1862 ΖΑ,

138 1879 175 1962 ὅς
195 1881 286 1950 ἐστιν
306 1879 323 1949 ὁ
339 1887 401 1951 τοῦ
415 1879 480 1952 ὑπὸ
496 1890 597 1951 ΔΖΘ
614 1881 698 1970 πρὸς
716 1880 753 1950 τὸ
771 1879 836 1949 άπὸ
853 1888 917 1948 ΖΑ
935 1880 1156 1968 τετράγωνον.

584 2136 651 2200 Τοῦ
674 2130 719 2216 β’.

207 2277 250 2342 α’.
284 2274 359 2342 Δύο
384 2277 552 2342 δοθεισῶν
575 2283 643 2339 τῶν
666 2279 744 2356 ΑΒ,
763 2278 830 2339 ΒΓ
852 2271 908 2338 καὶ
936 2268 1072 2350 εὐθείας
1098 2274 1157 2357 τῆς

140 2389 211 2449 ΔΕ
232 2385 279 2460 εἰς
303 2379 362 2459 τάς
380 2387 456 2464 AB,
472 2385 537 2445 ΒΓ
556 2376 738 2463 ἐναρμόσαι
761 2377 901 2445 εὐθεῖαν
926 2385 1003 2464 ἴσην
1025 2389 1065 2467 τῇ
1087 2385 1160 2446 ΔΕ

84 2500 120 2550 20
139 2488 195 2554 καὶ
217 2486 431 2572 παράλληλον
455 2482 547 2572 αὐτῇ.

205 2595 305 2660 τοῦτο
334 2590 372 2658 δὲ
399 2588 558 2678 φανερόν.
609 2586 667 2657 έόιν
696 2586 760 2676 γάρ
790 2587 846 2656 διὰ
874 2593 936 2657 τοῦ
963 2597 995 2656 Ε
1019 2593 1059 2678 τῇ
1089 2599 1157 2658 ΑΒ

57 2750 62 2758 .
137 2697 353 2783 παράλληλον
382 2693 560 2781 ἀγάγωμεν
589 2696 651 2780 τὴν
679 2701 752 2781 ΕΓ,
786 2692 842 2761 διά
875 2693 913 2762 δὲ
1071 2714 1103 2762 Α

138 2813 200 2869 τοῦ
224 2807 257 2868 Γ
279 2805 319 2888 τῇ
345 2807 414 2867 ΔΕ
438 2800 650 2888 παράλληλος
677 2799 767 2890 ἀχθῇ
791 2798 812 2886 ἡ
837 2805 913 2886 ΓΑ,
1018 2797 1043 2837 Δ

139 2911 230 2974 ἔσται
255 2906 311 2973 διὰ
335 2911 371 2973 τὸ
395 2904 743 2994 παραλληλόγραμμον
767 2905 912 2975 εἶναιτὸ
937 2918 966 2964 B

84 3029 120 3077 25
139 3019 278 3080 ΑΓΒΛ
301 3008 321 3096 ἡ
345 3018 415 3078 ΑΓ
439 3019 494 3097 ἴση
519 3016 559 3101 τῇ
584 3020 654 3079 ΔΕ
680 3015 783 3097 [Euel.
806 3016 831 3100 Ι,
854 3016 911 3097 34]
1041 3027 1071 3074 Ε

139 3120 195 3188 καὶ
218 3118 442 3206 παράλληλος·
465 3118 521 3184 καὶ
542 3117 742 3206 ἐνήρμοσται
767 3118 896 3198 εἰςτὰς
919 3124 1079 3201 δοθείσας
1102 3120 1156 3189 εό-

141 3231 238 3306 θείας
260 3224 318 3306 τάς
340 3233 416 3312 ΑΒ,
435 3231 506 3292 ΒΓ.

208 3366 252 3454 β’.
275 3366 383 3436 Ἔστω
408 3365 470 3434 δύο
493 3371 640 3453 τρίγωνα
662 3362 702 3432 τά
722 3372 832 3452 ΑΒΓ,
850 3372 962 3454 ΔΕΖ,
985 3369 1040 3435 καὶ
1060 3375 1157 3453 ἔστω,

140 3471 186 3553 ὡς
209 3472 229 3560 ἡ
254 3482 320 3541 ΑΒ
345 3478 427 3565 πρὸς
449 3471 511 3558 τὴν
535 3477 607 3556 ΒΓ,
632 3467 738 3551 οὕτως
760 3469 781 3558 ἡ
806 3480 876 3540 ΑΒ
896 3477 978 3562 πρὸς
1002 3483 1075 3561 ΒΖ,
1098 3477 1156 3543 καὶ
