2444 3892
138 111 200 176 126
223 163 228 170 ,
511 113 755 200 'annotinum

134 251 312 340 γενόμεναι
342 254 395 322 ἐπὶ
422 252 483 322 τὸν
507 261 551 340 Ε,
584 255 716 341 Pappus
738 278 769 340 p.
787 257 818 340 4,
844 256 942 341 16sq.
988 255 1037 320 De
1061 260 1100 338 Z,
1118 261 1150 321 Ε

134 385 165 427 u.
188 361 304 445 fragm.
327 363 379 428 42.

202 486 254 552 41.
286 485 417 571 Pappus
440 485 483 568 ΙΙ,
506 486 528 550 4
550 510 582 570 p.
600 487 631 570 4,
652 487 763 570 19sq.:

192 585 366 657 Ἔστωσαν
390 589 452 658 δύο
473 587 619 677 ’άριθμολ
643 592 678 656 ολ
694 596 737 674 Α,
752 596 792 674 Β,
815 588 872 655 καλ
896 587 913 656 ὁ
938 587 999 675 μὲν
1019 597 1051 654 Α
1069 585 1149 656 ὑπο-

99 698 259 762 σκείσθω
293 696 444 764 ἐλάσσων
472 694 534 783 μὲν
561 695 725 782 χιλιάδος,
759 693 984 781 μετρούμενος
1016 693 1054 761 δὲ
1081 692 1147 762 ὑπὸ

134 799 367 887 ἑκατοντάδος,
396 798 414 869 ὁ
445 801 482 869 δὲ
504 807 533 867 Β
562 799 713 869 ἐλάσσων
740 800 801 888 μὲν
831 797 1065 885 ἕκατοντάδος,
1095 825 1147 886 με-

133 905 317 995 τρούμενος
340 907 377 975 δὲ
400 905 465 976 ὑπὸ
491 907 643 992 δεκάδος,
748 907 803 974 καλ
828 908 908 974 δέον
932 911 1014 973 ἔστω
1033 908 1093 974 τὸν
1114 908 1147 987 ἐξ

134 1011 246 1081 αὐτῶν
274 1012 425 1101 άριθμὸν
453 1017 557 1080 εἰπεῖν
581 1012 625 1100 μὴ
650 998 990 1081 πολλαπλασιάσαντα
1014 1009 1146 1093 αύτούς.

200 1122 249 1186 De
272 1123 548 1188 demonstratione
571 1121 702 1206 Pappus
726 1145 757 1206 p.
776 1123 806 1204 6,
824 1123 860 1187 4:
887 1116 925 1187 τὸ
951 1116 988 1185 δὲ
1005 1145 1146 1206 γραμμι-

81 1243 114 1292 10
134 1227 197 1295 κὸν
221 1230 327 1312 δῆλον
350 1227 383 1306 ἐξ
408 1218 456 1293 ὧν
479 1228 604 1305 ἔδειξεν
626 1221 855 1302 Ἀπολλώνιος.

198 1355 251 1418 42.
283 1353 414 1437 Pappus
436 1350 480 1430 ΙΙ,
504 1351 524 1416 5
546 1374 577 1434 p.
597 1352 627 1430 6,
647 1351 739 1435 disqu

195 1456 267 1524 Ἐπὶ
292 1454 330 1522 δὲ
356 1459 417 1522 τοῦ
446 1453 493 1540 ιη’
516 1453 743 1542 θεωρήματος.
783 1452 892 1522 Ἔστω
921 1458 1052 1540 πλῆθος
1075 1452 1144 1538 άρι-

130 1566 231 1647 θμοόν
253 1559 289 1628 τὸ
315 1558 368 1647 ἐφ’
390 1551 439 1628 ὦν
462 1558 502 1626 τά
521 1569 563 1645 Α,
588 1552 637 1627 ὦν
661 1561 797 1641 ἕκαστος
820 1560 972 1628 ἐλάσσων
991 1559 1052 1647 μὲν
1072 1561 1143 1628 ἕνα·

131 1666 303 1750 τοντάδος,
319 1664 544 1753 μετρούμενος
558 1664 595 1733 δὲ
610 1664 675 1732 ὑπὸ
690 1665 840 1752 δεκάδος,
855 1667 910 1734 καλ
922 1665 1003 1734 άλλο
1013 1670 1146 1753 πλῆθος

79 1787 112 1837 15
130 1769 288 1859 άριθμων
316 1777 354 1840 τὸ
383 1769 436 1859 ἐφ’
463 1763 512 1840 ὧν
535 1770 576 1839 τά
599 1779 643 1856 Β,
674 1763 724 1840 ὦν
747 1774 883 1852 ἕκαστος
906 1772 1058 1840 ἐλάσσων
1082 1773 1144 1859 μὲν

129 1875 296 1963 χιλιάδος,
326 1877 550 1965 μετρούμενος
573 1877 610 1946 δὲ
633 1875 698 1945 ὑπὸ
723 1877 959 1960 ἕκατοντάδος,
985 1879 1040 1946 καλ
1065 1879 1144 1947 δέον

131 1987 213 2049 ἔστω
236 1987 296 2051 τὸν
320 1984 356 2051 ἐκ
378 1988 446 2051 των
470 1980 523 2070 ἐφ’
549 1975 599 2052 ὧν
622 1985 662 2052 τά
685 1993 729 2070 Α,
749 1991 776 2050 Β
805 1989 941 2071 στερεὸν
969 1987 1074 2052 εἰπεῖν
1098 1984 1143 2072 μὴ

129 2088 466 2157 πολλαπλασιάσαντα
486 2088 616 2171 αύτούς.

196 2198 245 2262 De
274 2183 550 2263 demonstratione
578 2199 707 2284 Pappus
731 2223 761 2284 p.
782 2200 811 2280 6,
833 2199 945 2283 19sq.:
977 2195 1032 2262 καλ
1057 2199 1142 2264 δειίι-

77 2318 111 2366 20
130 2320 230 2369 ννσιν
259 2299 276 2369 ὁ
303 2300 525 2381 Ἀπολλάνιος
551 2307 611 2369 τὸν
635 2305 670 2370 εἰι
696 2300 832 2371 πάντων
862 2314 929 2372 τῶν
953 2299 1006 2389 ἐφ’
1029 2293 1077 2370 ὧν
1100 2304 1141 2370 τά

131 2415 216 2492 Α,Β
237 2413 372 2493 στερεὸν
390 2407 564 2496 μυριάδων
583 2409 766 2495 τοσούτων,
791 2407 867 2476 ὅσαι
886 2409 972 2477 ελσλν
992 2411 1029 2476 ἐν
1046 2411 1092 2501 τῷ
1113 2417 1145 2476 Ε

132 2516 301 2600 [producto
325 2525 393 2582 τῶν
416 2515 614 2601 πυθμένων]
643 2513 801 2600 μονάδες,
831 2512 1020 2601 ὁμωνύμων
1043 2525 1089 2606 τῷ
1114 2521 1142 2580 Ζ

130 2617 265 2711 άριθμῷ
292 2624 361 2707 [qui
379 2624 509 2708 indicat,
528 2623 654 2708 quoties
673 2638 825 2688 numerus
843 2625 866 2688 4
885 2624 1039 2688 metiatur
1058 2646 1142 2688 sum-

128 2751 218 2794 mam
242 2728 458 2795 multitudinis
481 2752 689 2795 numerorum
712 2734 745 2793 A
773 2734 805 2795 et
827 2730 1010 2814 duplicatae
1034 2730 1143 2794 multi-

75 2848 109 2896 25
127 2836 249 2900 tudinis
277 2858 485 2901 numerorum
512 2839 565 2916 B].
617 2833 666 2900 De
695 2835 822 2901 casibus
852 2835 1006 2920 seeundo,
1033 2836 1142 2919 tertio,

128 2946 243 3025 quarto
267 2940 398 3025 Pappus
425 2964 457 3024 p.
482 2941 511 3024 6,
535 2941 649 3025 29sq.:
678 2934 762 3006 άλλά
790 2940 831 3026 δὴ
857 2936 895 3006 τὸ
919 2941 1050 3024 πλῆθος
1072 2941 1140 3006 τάν

127 3044 180 3130 ἐφ’
203 3035 252 3111 οἷν
270 3045 310 3110 τά
330 3052 363 3111 Α
384 3049 577 3132 προσλαβὸν
599 3049 659 3112 τὸν
684 3048 885 3113 διπλασίονα
907 3056 969 3112 τοῦ
987 3042 1141 3130 πλήθους

125 3153 194 3217 τῶν
222 3146 276 3235 ἐφ’
303 3141 350 3216 ὧν
377 3148 417 3216 τά
446 3157 474 3216 Β
507 3151 736 3239 μετρούμενον
763 3148 829 3219 ὑπὸ
858 3150 1015 3237 τετράδος
1042 3176 1139 3218 κατα-

126 3257 263 3323 λειπέτω
282 3255 449 3344 πρύτερον
469 3258 541 3324 ἕνα·
565 3257 621 3324 παλ
640 3257 780 3345 συνάγει
800 3254 1069 3344 δἈπολλιύνιος,
1088 3253 1139 3324 ὅτι

199 3455 240 3504 12.
261 3448 315 3521 ιη’]
336 3466 390 3505 om.
410 3451 490 3506 codd.
