2444 3892
297 143 447 194 EUTOCII
466 142 729 194 COMMENTARIA
747 142 787 196 IN
806 141 948 194 CONICA.
1058 141 1126 204 247

107 247 210 351 ¹etiam
229 282 309 350 W
323 303 368 354 ÷
382 292 414 350 A
420 289 448 349 Θ
462 301 505 355 ><
520 290 581 350 ΘΒ
598 317 639 339 --
654 289 715 350 ΓΒ
722 283 742 350 ².
790 304 868 369 ergo
891 288 978 350 recte
1002 283 1126 350 dictum

108 396 159 457 est
182 392 369 458 dirimendo.

448 533 503 598 Ad
526 555 630 618 prop.
650 530 786 597 XXXII.

173 657 213 722 In
231 680 324 742 prop.
338 657 437 724 XVII
456 657 636 743 simplicius
656 658 900 743 demonstrauit,
924 662 1047 724 rectam
1066 679 1126 743 per

109 765 263 829 uerticem
302 768 409 829 rectae
441 765 587 829 ordinate
620 764 735 829 ductae
767 764 960 847 parallelam
993 763 1124 829 ductam

108 870 312 957 contingere,
335 871 390 936 hic
413 892 505 956 uero,
529 870 614 956 quod
638 872 674 935 in
696 869 877 936 Elementis
902 869 977 955 [III‚
1004 871 1059 951 16]
1084 870 1124 935 de

107 978 178 1042 solo
205 980 325 1044 circulo
356 978 612 1043 demonstratum
640 979 703 1061 est,
731 976 947 1041 uniuersalius
972 976 1010 1041 de
1034 978 1123 1041 omni

107 1085 182 1149 coni
206 1086 349 1150 sectione
373 1084 481 1150 ualere
505 1083 656 1148 ostendit.

175 1190 500 1257 animaduertendum
534 1211 625 1273 uero,
658 1190 744 1273 quod
776 1190 824 1254 ibi
857 1210 982 1274 quoque
1016 1187 1122 1269 [Ilucl.

105 1294 170 1380 Ill,
205 1295 259 1376 16]
294 1296 552 1362 demonstratum
580 1299 644 1381 est,
676 1294 816 1360 fortasse
844 1295 914 1359 fieri
941 1317 1053 1380 posse,
1086 1299 1124 1359 ut

107 1423 207 1467 curua
230 1401 317 1466 linea
339 1403 425 1467 inter
448 1406 569 1468 rectam
589 1401 830 1485 sectionemque
850 1401 954 1485 cadat,
977 1405 1015 1466 ut
1032 1405 1123 1466 recta

105 1511 215 1572 autem
237 1508 291 1590 sic
320 1507 426 1592 cadat,
449 1508 520 1572 fieri
543 1529 610 1572 non
631 1529 741 1591 posse3
771 1528 809 1572 ea
832 1508 919 1571 enim
944 1508 1121 1572 sectionem

105 1614 237 1697 secabit,
260 1636 326 1679 non
350 1614 530 1698 continget3
552 1635 657 1699 neque
681 1614 767 1678 enim
791 1614 862 1678 ficri
885 1617 1003 1699 potest,
1024 1618 1062 1678 ut
1085 1613 1121 1677 in

103 1718 218 1784 eodem
236 1725 357 1803 puncto
382 1720 463 1785 duae
486 1713 594 1785 rectae
617 1721 820 1804 contingant.

172 1847 245 1891 cnm
275 1827 355 1892 haec
382 1827 564 1913 propositio
592 1826 627 1890 in
655 1827 755 1890 uariis
783 1826 979 1892 editionibus
1008 1827 1119 1891 multis

104 1931 209 1997 modis
234 1931 520 2015 demonstraretur,
543 1954 603 1997 nos
628 1931 938 1996 demonstrationem
963 1932 1119 2015 simplici-

104 2059 194 2103 orem
218 2041 252 2103 et
275 2038 443 2103 clariorem
466 2038 609 2103 fecimus.

434 2251 490 2316 Ad
513 2273 618 2335 prop.
638 2248 788 2315 XXXIV.

170 2375 520 2458 Animaduertendum,
547 2379 668 2441 rectam
692 2378 754 2440 ΓΛ
782 2374 822 2439 ad
851 2375 1044 2439 diametrum
1068 2395 1118 2438 or·

102 2482 212 2547 dinate
249 2483 379 2547 ductam
417 2482 452 2546 in
486 2482 671 2565 hyperbole
706 2484 812 2546 rectas
846 2484 927 2564 AB,
965 2485 1034 2544 ΛΑ
1067 2481 1120 2544 de·

100 2589 333 2654 terminantem
351 2592 476 2654 rectam
490 2593 557 2653 BA
570 2589 752 2673 relinquere
767 2587 943 2652 secundum
957 2587 1119 2651 rationem

102 2700 188 2760 BA:
205 2700 270 2758 ΔΑ
292 2695 474 2778 secandam,
496 2696 532 2760 in
551 2695 658 2780 ellipsi
677 2697 784 2759 autem
804 2693 987 2776 circuloque
1006 2713 1119 2756 rursus

100 2804 224 2866 rectum
239 2804 301 2864 BA
321 2801 496 2866 secundum
516 2801 676 2866 rationem
695 2800 944 2865 determinatam
959 2801 1024 2861 ΒΔ
1033 2821 1040 2862 :
1052 2803 1119 2861 ΛΑ

101 2911 268 2973 secantem
290 2907 385 2971 nobis
409 2907 569 2971 rationem
591 2911 657 2971 BE
669 2935 676 2971 :
691 2911 758 2970 EA
782 2905 999 2992 quaerendam
1021 2903 1118 2968 relin-

100 3035 212 3099 quere3
245 3033 349 3097 neque
382 3013 469 3076 enim
502 3012 631 3077 difficile
664 3015 727 3097 est,
760 3012 836 3076 duta
864 3011 989 3075 ratione
1018 3010 1117 3074 aliam

101 3120 273 3206 aequalem
297 3110 421 3204 parare.

97 3365 154 3402 πον
173 3347 218 3403 W.
308 3353 348 3403 12.
368 3345 446 3417 τέμει
464 3347 509 3402 W.
597 3351 639 3402 16.
658 3341 819 3416 ἀπόδειξιν]
839 3345 948 3413 addidi,
968 3362 1022 3400 om.
1042 3343 1116 3413 Wp.

136 3425 177 3474 19.
197 3418 261 3488 δεῖ]
282 3434 297 3472 e
317 3435 385 3473 corr.
404 3437 431 3488 p.
521 3423 562 3473 24.
582 3414 717 3487 edebam]
738 3432 807 3471 corr.
827 3433 861 3472 ex
878 3417 933 3470 τῶν
952 3434 979 3486 p.
1057 3411 1117 3469 ἐπι-

97 3490 204 3561 ζητεῖν]
227 3505 296 3545 corr.
317 3506 350 3544 ex
370 3485 525 3557 ἐπιζητῶνῖ
543 3506 571 3558 p.
