2444 3892
425 147 702 205 PROLEGOMENA.
989 151 1078 207 LXIII

135 292 248 358 praeter
266 290 316 344 hos
335 290 420 357 loros,
439 307 509 359 quos
523 289 581 345 iam
594 289 624 345 in
639 289 761 346 editione
775 289 839 362 ipsa
853 291 986 360 indicaui,
1004 311 1078 349 nune

10 347 15 461 ἱ
64 368 117 423 hos
136 368 218 438 addo,
237 369 266 424 in
286 369 388 439 quibus
406 368 638 440 interpolationes
652 371 868 440 deprehendisse
883 370 953 428 mihi
966 373 1076 429 uideor:

10 503 13 513 ,
132 448 154 518 1,
164 455 198 505 32
214 467 240 519 p.
253 454 295 517 aa,
310 455 344 505 28
359 443 377 519 ή
392 445 498 505 κύκλον
512 448 682 520 περιφέρεια
697 449 830 519 delenda;
843 468 908 507 nam
923 453 958 508 de
973 453 1077 510 circulo

10 526 13 593 f
64 529 136 584 haee
158 529 317 600 propositio
339 530 395 584 iam
418 531 454 586 ab
473 529 590 586 Euclide
614 531 807 586 demonstrata
825 534 882 600 est,
899 534 930 588 et
948 532 973 587 si
990 533 1075 604 Apol·

10 612 13 694 i
60 608 153 663 lonins
173 627 236 665 eum
255 626 366 680 quoque
385 611 524 680 respicere
538 609 684 678 uoluisset,
703 629 730 680 p.
746 616 788 680 94,
803 615 836 664 21
852 611 969 668 dixisset
982 612 1077 670 κώνου

10 745 12 780 Ι
59 693 147 759 τομῆς
169 684 187 759 ή
210 685 337 746 κύκλον
360 693 601 761 περιφερείας,
625 691 697 745 siout
718 689 787 745 feeit
805 690 839 759 ΙΙ,
860 698 883 761 7,
903 698 945 762 28,
965 699 1008 764 29,
1027 700 1075 764 3ορ

59 767 106 838 111,
127 774 150 839 1,
171 776 195 838 a,
215 776 240 839 s,
260 776 302 840 re,
324 777 365 839 ιι,
386 777 429 838 ει,
448 775 495 838 σι,
515 770 562 840 IV,
584 777 607 839 1,
622 776 648 839 e,
663 775 705 838 ει,
725 774 768 838 as,
787 775 831 840 es,
849 777 892 840 ae,
912 777 955 842 ss,
974 778 1016 842 aa,
1032 780 1075 841 ss,

62 855 110 916 4ος
135 867 200 904 nam
223 851 297 906 inter
321 849 386 905 coni
409 851 547 904 sectiones
572 850 762 917 circulumque
786 865 896 920 semper
919 852 1076 924 distinguit,

58 932 93 983 ut
117 929 203 984 etiam
222 947 256 985 ex
274 931 301 999 Ι,
320 935 425 984 49-60
445 927 632 998 intellegitur,
657 927 706 983 ubi
723 929 753 983 in
771 929 878 999 protasi
895 929 988 987 ustrou
1006 929 1077 1003 τομή

58 1007 150 1062 habet
177 1010 206 1064 et
234 1008 336 1063 deinde
363 1007 394 1062 in
421 1007 658 1064 demonstratione
681 1009 859 1078 parabolam,
886 1010 1077 1081 hyperbolum,

61 1087 188 1156 ellipsim
207 1090 364 1158 enumerat,
384 1087 481 1144 circuli
498 1088 671 1144 mentionem
688 1106 746 1145 non
763 1089 845 1156 feeit3
865 1088 913 1145 ofr.
933 1089 954 1159 Ι,
973 1094 1006 1143 tl
1026 1091 1078 1146 κώ-

59 1187 115 1222 νου
139 1164 209 1237 τομή
234 1168 267 1223 de
290 1168 425 1238 parabola
447 1168 672 1239 hyperbolaque‚
696 1171 756 1224 tum
779 1169 809 1224 in
832 1169 853 1238 Ι,
873 1175 907 1224 63
930 1172 996 1239 post
1015 1187 1078 1241 pro·

58 1247 230 1316 positionem
253 1248 428 1303 auxiliarium
451 1249 472 1318 Ι,
491 1254 525 1303 62
549 1247 583 1304 de
607 1248 714 1319 ellipsi,
737 1248 779 1305 ita
802 1252 834 1304 ut
857 1251 978 1320 protasis
1001 1250 1022 1322 Ι,
1044 1257 1076 1306 51

57 1328 182 1396 quodam
201 1328 284 1382 modo
303 1327 525 1398 propositionum
545 1334 579 1384 tl
598 1332 627 1385 et
645 1336 679 1384 53
698 1328 854 1385 eommunis
873 1331 919 1388 sit.

131 1406 171 1476 ΙΙ,
190 1414 225 1462 38
249 1408 451 1465 demonstratio
475 1407 613 1465 indirecta
635 1408 719 1465 nimis
742 1411 925 1480 neglegenter
948 1411 1077 1482 exposita

56 1490 115 1556 est;
140 1487 220 1543 deest
243 1489 397 1544 eonelusio:
422 1490 452 1544 et
468 1488 544 1544 idem
568 1490 603 1544 de
622 1490 698 1545 omni
717 1491 774 1545 alia
792 1492 870 1546 reeta
889 1491 1075 1547 demonstrari

55 1570 153 1637 potest
171 1570 283 1638 praeter
301 1572 360 1622 EX
362 1592 369 1638 ς
390 1585 456 1638 ergo
476 1572 536 1623 EX
550 1569 703 1625 diametrus
722 1571 773 1625 est.

129 1648 182 1716 ΠΙ,
213 1653 245 1703 18
263 1667 290 1719 p.
310 1653 375 1718 364,
401 1654 434 1704 19
459 1646 525 1704 ἐπεί
539 1680 573 1691 -
592 1655 625 1704 al
651 1644 668 1717 ή
694 1654 745 1704 ΔΖ
769 1650 913 1706 subditiuo
936 1651 1072 1712 existimo,

55 1729 127 1797 quia
145 1728 194 1784 lin.
216 1734 247 1785 19
263 1728 365 1784 dieitur
379 1727 529 1803 νπερβσλή,
547 1747 609 1785 eum
623 1731 718 1785 tamen
733 1730 910 1801 apertissime
925 1734 1075 1802 usurpetur

54 1809 78 1878 Ι,
98 1814 132 1864 48
152 1809 187 1863 da
207 1811 353 1879 oppositis.

130 1889 178 1958 IV,
198 1896 231 1944 52
256 1907 313 1945 non
331 1889 475 1959 intellego,
495 1906 544 1944 our
563 1890 598 1943 de
617 1895 671 1942 ΑΔ
689 1889 718 1942 in
737 1894 764 1943 K
780 1890 810 1943 in
829 1891 897 1945 duas
915 1893 1009 1960 partes
1028 1907 1073 1945 ae-

57 1970 159 2038 quales
183 1968 275 2025 diuisa
297 1972 403 2025 mentio
425 1971 477 2024 fiat
499 1990 525 2040 p.
546 1972 589 2036 84,
609 1975 639 2035 3;
666 1984 731 2020 nam
755 1969 828 2034 quod
853 1968 992 2038 seqnitur,
1019 1986 1076 2025 non

54 2050 124 2104 inde
153 2049 341 2120 concluditur,
370 2052 419 2106 sed
446 2066 481 2104 ex
509 2052 611 2104 natura
636 2046 769 2102 diametri
790 2048 937 2103 secundae.
978 2049 1075 2114 itaque

54 2129 139 2186 deleo
158 2148 184 2199 p.
200 2135 243 2199 84,
258 2136 273 2185 ³
293 2137 419 2201 τεμεῖ-
436 2132 524 2184 4καί.

128 2209 251 2266 difficilis
261 2215 304 2266 est
314 2209 444 2280 quaestio
459 2209 493 2264 de
503 2208 600 2278 figuris
611 2207 736 2263 diuersis.
755 2206 918 2276 saepissime
929 2209 1003 2262 enim
1040 2223 1165 2274 ngurarum

57 2290 178 2361 adsidit,
187 2290 450 2346 ut'oonstruotiones
461 2288 624 2345 auxiliariae
635 2290 670 2343 ab
680 2286 831 2358 Apollonio
841 2290 1001 2359 propositae
1028 2277 1183 2330 discrepantis

33 2369 276 2440 ·litterarumque
300 2372 369 2426 ordo
395 2372 430 2426 ab
454 2387 487 2424 eo
510 2367 650 2424 indicatus
674 2386 737 2424 oum
760 2384 817 2421 una
840 2370 900 2424 sola
922 2370 1075 2440 figurarum

56 2451 233 2519 consentiat,
256 2452 292 2505 ad
312 2454 419 2506 ceteras
438 2467 505 2505 uero
525 2448 733 2504 adcommodati
752 2465 807 2503 non
826 2449 917 2518 possit
934 2451 988 2506 nisi
1006 2471 1074 2509 non-

54 2530 145 2586 nullis
160 2531 206 2585 uel
220 2531 313 2584 uerbis
328 2531 374 2585 uel
388 2529 490 2586 litteris
505 2530 610 2600 figurae
625 2529 748 2597 mutatis,
763 2528 842 2582 uelut
852 2530 880 2582 in
891 2531 911 2596 Ι,
922 2535 938 2582 2
948 2549 974 2599 p.
987 2538 1029 2602 10,
1041 2540 1074 2588 28

55 2610 108 2667 καλ
127 2605 372 2683 ἐκβεβλήσθωσαν,
392 2629 419 2680 p.
436 2615 476 2679 12,
492 2615 508 2663 4
529 2604 719 2682 ἐκβεβλήσθω,
737 2625 764 2676 p.
781 2612 823 2673 12,
840 2612 872 2660 15
893 2604 1074 2681 ἐκβεβλήσθω

56 2709 123 2747 curn
146 2691 237 2761 figura
260 2691 355 2760 tertia,
379 2691 409 2744 in
428 2691 448 2758 I,
467 2695 484 2742 4
503 2709 528 2760 p.
551 2695 592 2757 16,
612 2695 628 2742 3
653 2684 834 2760 ἐκβεβλήσθω
859 2704 922 2741 oum
945 2690 1075 2757 seeundo,

57 2772 89 2827 in
113 2771 165 2840 1‚u
184 2789 212 2840 p.
228 2776 274 2839 22,
297 2777 310 2823 1
336 2767 517 2841 ἐκβεβλήσθω
547 2785 610 2822 oum
632 2768 717 2823 tertia
739 2784 795 2822 non
819 2766 971 2832 eonsentit;
1000 2767 1021 2836 Ι,
1041 2774 1076 2822 34

55 2869 86 2921 p.
104 2856 165 2919 102,
182 2855 214 2904 15
232 2854 313 2904 ΕΓΖ
330 2851 361 2903 in
379 2850 483 2905 circulo
499 2851 583 2902 ΕΖΓ
600 2863 661 2903 εεεε
680 2846 817 2916 densim),
837 2843 1075 2920 ἐκβεβλήσθωσαν

133 3063 159 3131 *)
180 3063 298 3117 Omnino
314 3061 373 3116 neri
389 3060 480 3115 simile
495 3063 545 3127 est,
560 3058 685 3114 ordinem
699 3061 800 3114 mirum
810 3061 977 3126 litterarum,
992 3076 1073 3127 quem

58 3150 145 3203 saepe
165 3133 358 3203 corrigendum
374 3132 481 3201 putaui,
501 3132 568 3200 quia
582 3149 645 3186 eum
659 3132 749 3200 figura
768 3130 872 3186 codicis
891 3147 947 3183 non
961 3147 1073 3184 eonsen-

57 3205 136 3273 tiret,
156 3220 189 3259 eo
206 3205 341 3274 explicari
354 3219 446 3272 posse,
466 3203 541 3272 quod
554 3202 721 3284 Apollonius
740 3202 826 3255 aliam
841 3202 964 3256 dederat.
993 3200 1073 3257 dubi-

57 3275 117 3331 tari
145 3277 230 3330 etiam
257 3277 366 3345 potest,
394 3291 430 3328 an
453 3274 620 3344 Apollonius
648 3272 708 3342 ipse
732 3289 787 3327 non
815 3287 925 3341 semper
949 3271 1073 3327 ordinem

57 3348 219 3402 naturalem
240 3347 445 3411 obseruauerit;
464 3363 529 3399 nam
543 3343 672 3415 plurimis
687 3344 765 3412 loeis,
784 3343 833 3397 ubi
847 3344 925 3396 reeta
938 3359 955 3395 a
968 3346 1072 3412 puncto

58 3418 157 3488 aliquo
182 3419 227 3472 uel
252 3436 302 3488 per
319 3420 455 3487 punctum
480 3417 564 3472 dueta
587 3433 647 3470 esse
671 3415 784 3482 dicitur,
812 3414 841 3467 in
866 3413 1074 3468 denominanda

58 3492 140 3546 reeta
158 3488 255 3544 littera
273 3489 336 3556 illa,
355 3506 426 3559 quae
445 3489 580 3558 punctum
600 3485 751 3557 signifieat,
768 3484 859 3554 primo
878 3486 941 3540 loco
959 3485 1074 3556 ponitur
