2444 3892
287 146 438 198 aurocrr
457 144 721 197 counaumam
737 146 777 198 ru
796 144 939 198 coaice.
1054 142 1118 207 179

103 288 286 353 diametri
327 310 491 373 axesque
534 288 750 353 sectionum
794 291 833 353 et
872 291 1118 373 asymptotae

103 398 264 478 propria
286 394 431 459 habent
455 393 622 478 aliaque,
647 414 743 476 quae
765 416 874 458 usum
899 395 1118 478 generalem

102 500 443 584 necessariumque
476 500 520 564 ad
553 499 900 566 determinationes
932 501 1118 584 praebent

104 607 133 689 [I
156 633 183 688 p.
203 607 233 685 4,
258 607 369 687 5-8].
415 605 716 671 determinationem
744 627 822 672 uero
849 606 1010 691 duplicem
1038 627 1117 690 esse,

103 715 251 778 omnibus
270 716 386 778 notum
410 715 472 791 est,
502 714 652 795 alteram,
676 734 758 797 quae
781 716 858 796 post
881 713 1117 797 expositionem

103 821 253 903 declarat,
276 820 353 903 quid
378 823 561 904 quaeratur,
585 818 730 900 alteram,
754 839 836 901 quae
859 818 1117 901 propositionem

102 931 202 1010 negat
221 926 405 1010 generalem
425 946 495 989 esse
514 924 698 1008 definitque,
716 925 844 1008 quando
860 924 1022 1007 quomodo
1040 927 1118 1006 quot

102 1032 207 1097 modis
232 1032 436 1116 propositum
460 1031 606 1096 construi
628 1031 747 1116 possit,
778 1031 882 1115 qualis
907 1033 957 1094 est
984 1030 1019 1093 in
1041 1051 1117 1113 pro-

101 1139 264 1223 positione
287 1136 384 1202 XXII
406 1138 503 1220 primi
525 1138 601 1202 libri
623 1136 869 1202 Elementorum
892 1136 1054 1202 Euclidis:
1079 1157 1117 1199 ex

101 1245 206 1309 tribus
231 1245 337 1327 rectis,
361 1265 442 1328 quae
461 1244 566 1308 tribus
586 1242 671 1307 datis
691 1244 841 1327 aequales
862 1245 947 1326 sunt,
970 1241 1117 1325 triangu-

101 1351 169 1415 lum
200 1355 401 1433 construere,
434 1354 565 1434 oportet
596 1372 674 1415 uero
707 1350 786 1413 duas
819 1349 945 1432 reliqua
976 1347 1116 1411 maiores

102 1479 172 1521 esse
196 1478 324 1539 quoquo
345 1455 441 1519 modo
461 1455 659 1536 coniunctas,
683 1454 838 1537 quoniam
856 1452 1116 1517 demonstratum

101 1567 160 1646 est,
178 1564 212 1627 in
232 1561 347 1646 quouis
366 1561 531 1645 triangulo
551 1560 614 1625 duo
633 1561 738 1625 latera
756 1560 881 1644 reliquo
901 1560 1027 1624 maiora
1045 1580 1116 1623 esse

102 1690 230 1753 quoquo
260 1667 356 1732 modo
385 1667 564 1732 coniuncta.
614 1667 750 1730 tertium
781 1669 890 1731 autem
918 1664 1116 1732 Gonicorum

101 1775 180 1841 dicit
193 1775 359 1867 continere
374 1772 404 1853 [Ι
414 1796 444 1855 p.
454 1775 485 1856 4,
498 1774 642 1853 10-12]
658 1773 827 1857 plurima
845 1776 882 1837 et
896 1774 994 1837 mira
1008 1772 1116 1836 theo·

102 1884 247 1945 remata
279 1880 324 1944 ad
352 1879 673 1962 compositionem
700 1879 872 1943 locorum
901 1879 1115 1943 solidorum

102 1987 227 2052 utilia.
262 1986 334 2049 loca
352 1985 450 2068 plana
468 2005 540 2047 mos
559 1986 610 2046 est
629 1983 772 2066 antiquis
791 1985 964 2067 geometris
988 2005 1116 2065 uocare,

102 2094 158 2158 ubi
172 2093 205 2156 in
220 2089 433 2174 problematis
447 2110 514 2152 non
528 2109 594 2152 uno
609 2088 678 2152 solo
688 2092 809 2171 puncto
822 2089 878 2152 sed
893 2089 1113 2172 compluribus

102 2198 243 2263 efficitur
270 2194 489 2279 propositum;
521 2194 612 2258 uelut
639 2194 669 2259 si
696 2193 767 2278 quis
790 2195 949 2280 postulat,
977 2199 1015 2259 ut
1038 2195 1116 2260 data

101 2307 190 2367 recta
203 2302 379 2365 terminata
392 2304 550 2383 punctum
569 2299 702 2383 aliquod
719 2300 914 2385 inueniatur,
933 2301 1016 2365 uude
1032 2323 1115 2385 quae

103 2410 142 2473 ad
163 2409 271 2472 datam
289 2406 566 2490 perpendicularis
585 2408 720 2472 ducatur
741 2408 847 2472 media
861 2407 1115 2491 proportionalis

101 2517 160 2579 fiat
187 2516 270 2578 inter
301 2516 369 2578 eius
398 2518 521 2598 partes,
552 2514 614 2578 hoo
642 2514 750 2579 locum
782 2517 914 2599 uocant3
946 2536 1022 2578 nam
1050 2536 1115 2578 non

101 2643 201 2686 unum
220 2621 324 2684 solum
343 2625 499 2702 punctum
519 2620 686 2705 problema
706 2620 813 2703 efficit,
833 2620 888 2684 scd
907 2621 996 2685 locus
1017 2623 1114 2703 totus,

102 2750 197 2811 quem
217 2727 343 2790 obtinet
362 2727 502 2789 ambitus
522 2725 634 2790 circuli
654 2725 774 2790 circum
794 2726 987 2789 diametrum
1003 2725 1113 2789 datam

101 2838 222 2898 rectam
246 2832 409 2915 descripti.
440 2854 518 2895 nam
544 2833 580 2895 in
608 2832 684 2895 data
711 2837 801 2897 recta
829 2832 1031 2897 semicirculo
1060 2831 1114 2895 de-

101 2940 236 3023 script0,
272 2938 483 3022 quodcunque
510 2940 665 3020 punctum
697 2939 731 3001 in
761 2938 887 3002 ambitu
915 2938 1053 3002 sumitur
1081 2939 1114 3000 et

100 3046 174 3110 inde
197 3049 285 3109 recta
309 3044 349 3108 ad
369 3044 563 3107 diametrum
581 3044 858 3127 perpendicularis
878 3041 1015 3126 ducitur,
1038 3064 1112 3127 pro·

99 3152 245 3235 positum
265 3150 372 3214 efficit.
410 3149 521 3214 eodem
541 3149 637 3213 modo
657 3149 685 3212 si
705 3149 775 3233 quis
795 3150 949 3234 postulat,
967 3154 1004 3213 ut
1023 3152 1113 3212 extra

952 3276 1112 3284 ——-—

136 3349 178 3397 24.
198 3343 333 3397 καλοῦσιν
351 3340 397 3395 W.
480 3346 523 3396 25.
544 3336 619 3395 ἐστιν
637 3341 682 3396 W.
761 3348 804 3396 26.
824 3336 894 3396 oltra
913 3372 947 3383 -
965 3360 993 3411 p.
1010 3349 1069 3411 180,
1085 3349 1110 3399 5.

99 3411 260 3484 πρόβλημα]
290 3429 347 3480 mg.
370 3412 419 3467 inf.
444 3430 480 3466 m.
502 3416 516 3464 l
542 3411 598 3466 alio
622 3415 780 3467 atramento
802 3430 835 3481 p;
862 3431 919 3482 mg.
943 3410 997 3483 ὅρα
1024 3413 1108 3469 κάτω.

135 3492 177 3540 29.
196 3482 293 3557 λείβεις
311 3482 355 3539 W.

898 3574 951 3628 12*
