2444 3892
158 143 222 206 176
437 139 700 193 οοιιαεανεωε
716 137 885 202 mmm..

156 280 178 369 ἡ
202 290 265 350 ΕΖ
293 282 505 369 παράλληλος
532 287 582 365 είη
610 282 651 367 τᾷ
674 283 753 363 ΑΓ,
790 273 986 365 παραβολὴν
1014 281 1179 361 γίνεσθαι

158 389 220 475 τὴν
244 395 349 455 ΚΕΛ
378 390 414 455 έν
437 413 476 475 τη
501 387 678 474 ἐπιφανείᾳ
704 387 767 453 τοῦ
788 383 901 452 κώνου
923 381 1047 469 τομήν,
1078 387 1113 450 εί
1142 383 1178 452 δέ

159 499 338 580 συμπίπτει
365 503 406 581 τῇ
430 496 498 559 ΑΓ
526 494 652 579 πλευρᾷ
680 486 701 576 ἡ
726 497 789 556 ΕΖ
817 487 909 568 ἐκτὸς
934 497 993 574 τῆς
1021 494 1179 577 κορυφῆς

158 605 220 667 τοῦ
243 599 356 668 κώνου
380 596 424 678 ώς
447 595 529 665 κατὰ
552 595 589 665 τὸ
610 604 654 681 Δ,
676 602 834 682 γίνεσθαι
856 596 919 681 τὴν
937 601 1043 662 ΚΕΛ
1066 595 1178 682 τομὴν

125 703 366 791 οὑπερβολήυ,
389 709 420 771 εί
443 703 480 772 δὲ
503 701 595 781 ἐντὸς
620 708 797 789 συμπίπτει
819 704 859 790 τῇ
883 707 952 768 ΑΓ
974 698 995 786 ἡ
1019 709 1102 786 ΕΖ,
1131 708 1178 788 γί-

160 820 281 879 νεσθαι
304 813 368 897 τὴν
391 807 498 896 τομὴν
522 814 680 893 ἔλλειψιν,
704 804 747 893 ἢν
770 807 825 875 καὶ
848 805 978 895 θυρεόν
1000 814 1177 875 καλοῦσιν.

160 917 312 985 καθόλου
344 909 407 984 οὖν
438 919 498 1001 της
526 913 588 1002 μέν
617 917 810 1002 παραβολῆς
836 910 857 1000 ἡ
887 910 1063 1001 διάμετρος
1095 937 1176 1003 παρ-

161 1023 305 1106 άλληλός
334 1025 403 1090 έστι
430 1024 470 1109 τῇ
498 1030 558 1109 μιᾷ
585 1027 711 1109 πλευρᾷ
743 1023 805 1087 τοῦ
831 1017 1013 1106 τριγώνου,
1045 1022 1108 1105 τῆς
1141 1018 1177 1087 δέ

161 1127 349 1216 ὑπερβολῆς
371 1125 392 1213 ἡ
417 1128 592 1214 διάμετρος
611 1131 787 1212 συμπίπτει
810 1129 850 1214 τῇ
873 1132 999 1214 πλευρᾷ
1023 1129 1087 1192 τοιῖ.
1112 1152 1177 1212 τρι·

111 1251 143 1298 10
162 1236 275 1321 γώνου
303 1231 347 1312 ώς
375 1234 428 1299 ἐπὶ
454 1230 494 1298 τὰ
522 1230 605 1318 πρὸς
632 1235 673 1321 τᾷ
698 1235 830 1320 κορυφᾷ
857 1233 918 1299 τοῦ
941 1229 1056 1298 κώνου
1079 1235 1176 1320 μέρη,

162 1345 220 1427 τῆς
248 1340 285 1406 δὲ
314 1341 488 1419 ἐλλείψεως
517 1334 538 1423 ἡ
567 1336 744 1425 διάμετρος
772 1342 948 1423 συμπίπτει
979 1339 1020 1423 τῇ
1048 1343 1176 1428 πλευρᾷ

163 1451 225 1513 τοῦ
247 1442 415 1531 τριγώνου
439 1440 483 1523 ώς
502 1443 554 1511 ἐπὶ
578 1445 617 1511 τὰ
636 1443 721 1532 πρὸς
739 1453 778 1532 τῇ
797 1443 893 1530 βόσει
913 1444 1004 1531 μέρη.
1041 1440 1177 1511 κόκείνο

164 1551 202 1618 δέ
228 1549 290 1636 χρὴ
315 1549 455 1632 εἰδέναι,
482 1545 534 1615 ότι
557 1546 577 1634 ἡ
602 1547 663 1635 μέν
685 1551 860 1635 παραβολὴ
884 1549 940 1615 καὶ
961 1546 982 1634 ἡ
1005 1544 1177 1635 ὑπερβολὴ

164 1659 231 1724 τών
265 1657 313 1732 είς
339 1652 479 1739 ἄπειρόν
507 1657 594 1721 είσιν
627 1653 880 1741 αὐξανομένων,
911 1652 932 1740 ἡ
963 1653 999 1722 δὲ
1033 1659 1178 1736 ἔλλειψις

113 1777 145 1824 15
165 1759 287 1828 οὐκέτι·
330 1762 420 1826 πᾶσα
456 1758 521 1845 γὰρ
559 1766 607 1839 είς
642 1757 749 1848 αὑτὴν
781 1760 937 1829 συννεύει
975 1757 1102 1847 ὁμοίως
1133 1763 1179 1854 τᾷ

164 1865 283 1956 κόκλω.

231 1971 398 2041 πλειόνων
423 1971 460 2040 δὲ
479 1969 593 2041 οόσών
612 1973 789 2060 ἐκδόσεων,
814 1971 859 2055 ώς
879 1975 934 2042 καὶ
953 1970 1054 2054 αὐτός
1073 1996 1177 2063 φησιν

167 2082 203 2147 ἐν
226 2082 266 2168 τᾷ
291 2079 462 2168 ἐπιστολᾷ,
487 2078 626 2166 όμεινον
649 2078 827 2167 ἡγησάμην
851 2095 1054 2167 συναγαγεῖν
1077 2079 1179 2160 αὐτὰς

168 2189 203 2254 ἐκ
229 2189 297 2254 τών
322 2185 552 2270 ἐμπιπτόντων
579 2183 620 2252 τὰ
645 2187 830 2274 σαφέστερα
852 2189 1121 2276 παρατιθέμενος
1143 2189 1178 2255 έν

115 2307 149 2355 20
168 2297 213 2383 τᾷ
234 2294 321 2382 ῥητῷ
347 2289 403 2358 διὰ
424 2289 484 2376 τὴν
503 2294 571 2356 τών
590 2293 817 2378 είσαγομέυων
837 2291 1028 2380 εὐμάρειαν,
1053 2295 1179 2374 ἔξωθεν

169 2398 206 2464 δὲ
239 2399 276 2464 ἐν
308 2410 377 2476 τοῖς
410 2396 684 2482 συντεταγμένοις
716 2401 863 2484 σχολίοις
899 2399 1180 2487 ἐπισημαίνεσθαι

168 2501 248 2582 τοὺς
272 2501 460 2588 διαφόρους
483 2498 527 2581 ὡς
550 2501 637 2581 είκὸς
658 2503 802 2587 τρόπους
824 2507 892 2571 τών
916 2502 1132 2588 ἀποδείξεων.

236 2608 319 2694 φησὶ
348 2615 465 2675 τοίνυν
498 2609 535 2674 ἐν
561 2611 601 2695 τᾷ
630 2610 785 2697 ἐπιστολᾷ
816 2607 857 2677 τὰ
889 2615 1003 2698 πρώτα
1034 2615 1181 2703 τέσσαρα

169 2719 282 2800 βιβλία
305 2714 469 2799 περιέχειν
492 2709 629 2798 ἀγωγὴν
652 2714 859 2802 στοιχειώδη·
884 2708 932 2785 ών
953 2716 991 2785 τὸ
1011 2717 1073 2805 μέν
1092 2725 1183 2809 πρώ-

117 2836 151 2884 25
170 2847 230 2887 τον
249 2820 412 2904 περιέχειν
427 2817 486 2897 τὰς
500 2821 645 2903 γενέσεις
662 2831 731 2887 τών
745 2826 848 2909 τριῶν
861 2828 923 2891 τοῦ
937 2824 1050 2892 κώνου
1066 2831 1182 2914 τομών

170 2927 225 2992 καὶ
247 2935 316 2992 τών
334 2925 552 3009 καλουμένων
571 2922 808 3011 ἀντικειμένων
831 2932 886 2996 καί
909 2932 953 2998 τὰ
979 2933 1019 2998 ἐν
1043 2930 1185 3013 αὐταῖς

170 3027 312 3117 ἀρχικοὶ
345 3028 614 3115 συμπτώματα.
668 3043 773 3101 ταῦτα
801 3038 841 3102 δέ
867 3037 972 3121 ἐστιν,
1005 3033 1068 3103 ὅσα
1102 3061 1184 3127 συμ-

170 3141 280 3221 βαίνει
304 3134 392 3220 παρὰ
416 3131 480 3218 τὴν
502 3135 639 3221 πρώτην
663 3135 775 3206 αὐτῶν
800 3141 947 3225 γένεσιν·
980 3146 1093 3227 έχουσι
1117 3144 1185 3235 γὰρ

171 3242 227 3306 καὶ
250 3240 343 3322 ἕτεροί
366 3265 442 3306 τινα
466 3242 805 3328 παρακολουθήματα.
849 3245 891 3312 τὸ
922 3245 963 3314 δὲ
991 3245 1186 3335 δεύτερον

171 3351 384 3358 ————-

243 3405 268 3451 3.
289 3399 430 3467 ουμπίπτη
449 3396 495 3450 W.
586 3404 610 3454 5.
630 3400 772 3469 συμπίπτη
791 3402 834 3458 W.
926 3410 950 3458 6.
970 3408 1094 3470 θυραῖον
1113 3408 1186 3480 Wp‚

173 3482 242 3521 corr
262 3467 295 3521 U.
369 3469 531 3538 καλοῦσιρ.
604 3475 628 3525 8.
649 3463 723 3522 ἐστιν
742 3471 786 3527 W.
866 3478 906 3529 13.
926 3474 1038 3545 χρή]ρ,
1056 3480 1121 3544 χρεί
1138 3453 1186 3538 W,
