2444 3892
125 151 192 216 244
410 151 673 205 COMMENTARIA
690 150 859 215 mmm

126 294 354 382 στρέψαντι]
394 290 445 359 ἐντὶ
483 291 545 378 μὲν
582 281 646 359 οὖν
682 295 741 379 της
777 293 955 374 ἐλλείψεως
987 294 1144 382 ἐροῦμεν·

126 398 240 486 ἐπειδή
263 401 369 483 ἐστιν,
398 393 443 477 ὡς
465 397 503 466 τὸ
526 395 592 465 ὑπὸ
613 403 714 465 ΑΖΒ
737 396 820 485 πρὸς
842 397 879 466 τὸ
904 396 971 468 ἀπὸ
996 408 1083 484 ΔΖ,
1107 401 1141 469 τὸ

125 502 191 573 ὑπὸ
215 511 320 572 ΑΗΒ
343 503 427 591 πρὸς
449 503 487 571 τὸ
512 502 577 572 ἀπὸ
596 511 676 590 ΗΕ,
699 500 745 584 ὡς
768 503 805 572 δὲ
828 503 866 572 τὸ
890 503 957 573 ἀπὸ
977 513 1047 574 ΔΖ
1067 507 1145 596 πρὸς

126 610 163 680 τὸ
189 610 254 679 ἀπὸ
280 616 349 697 ΖΓ,
371 608 409 678 τὸ
434 607 499 678 ἀπὸ
525 617 599 677 ΕΗ
616 608 700 698 πρὸς
722 609 759 679 τὸ
784 610 849 679 ἀπὸ
874 617 956 697 ΗΓ,
984 609 1032 680 δι’
1060 622 1144 700 ἴσον,

92 716 173 799 ιὼς
204 717 241 786 τὸ
274 715 340 786 ὑπὸ
370 723 468 785 ΑΖΒ
496 715 580 805 πρὸς
607 715 643 784 τὸ
672 713 737 785 ἀπὸ
769 723 844 804 ΖΓς
876 719 914 786 τὸ
942 715 1010 787 ὑπὸ
1039 727 1143 788 ΑΗΒ

127 827 211 912 πρὸς
237 823 275 893 τὸ
303 821 369 892 ἀπὸ
398 828 477 891 ΗΓ·
506 824 683 910 συνθέντι,
712 820 756 903 ὡς
782 821 820 891 τὸ
849 820 915 892 ὑπὸ
939 833 1042 894 ΑΖΒ
1066 825 1142 914 μετὰ

126 935 188 1001 τοῦ
216 929 282 999 ἀπὸ
308 935 373 997 ΖΓ
396 927 478 1017 πρὸς
501 929 539 998 τὸ
563 927 630 998 ἀτὸ
655 935 732 1016 ΖΓ,
757 932 907 999 τουτέστι
929 929 968 998 τὸ
993 930 1061 1000 ἀπὸ
1088 937 1150 1002 ΑΓ

127 1036 210 1126 πρὸς
237 1040 275 1106 τὸ
302 1034 367 1104 ἀπὸ
396 1043 469 1103 ΓΖ·
502 1033 523 1123 ἡ
555 1035 620 1124 γὰρ
649 1043 713 1103 ΑΒ
741 1037 896 1124 τέτμηται
923 1041 971 1116 είς
998 1038 1064 1124 μὲν
1092 1048 1144 1107 ῐσα

127 1144 210 1212 κατὰ
238 1143 276 1211 τὸ
304 1150 346 1229 Γ,
376 1147 422 1223 εἰς
450 1142 488 1210 δὲ
515 1143 617 1210 ἄνισα
645 1141 727 1209 κατὰ
751 1141 789 1210 τὸ
813 1149 853 1210 Ζ·
882 1143 987 1223 οὕτως
1010 1146 1050 1213 τὸ
1080 1141 1143 1213 ἀπὸ

77 1265 109 1313 10
130 1257 190 1320 ΓΒ
219 1250 301 1340 πρὸς
328 1248 365 1318 τὸ
395 1247 460 1317 ἀπὸ
486 1256 564 1316 ΓΗ·
591 1248 648 1316 καὶ
676 1248 831 1335 ἐναλλάξ,
863 1248 907 1328 ὡς
930 1251 968 1318 τὸ
991 1249 1060 1319 ἀπὸ
1085 1257 1148 1319 ΑΓ

127 1355 210 1445 πρὸς
232 1355 270 1425 τὸ
294 1354 359 1424 ἀπὸ
384 1362 456 1442 ΓΒ,
479 1353 516 1424 τὸ
541 1351 606 1423 ἀπὸ
632 1361 698 1422 ΖΓ
716 1359 799 1443 πρὸς
821 1353 859 1423 τὸ
883 1353 949 1423 ἀπὸ
975 1361 1053 1424 ΓΗ.
1094 1357 1143 1425 έτὶ

128 1463 166 1531 δὲ
192 1467 260 1530 τῶν
289 1460 542 1548 ἀντικειμένων·
576 1464 649 1529 ένιεί
674 1466 782 1548 ἐστιν,
812 1459 857 1541 ὥς
883 1461 921 1530 τὸ
951 1460 1020 1532 ὑπὸ
1050 1471 1144 1531 ΒΖΑ

127 1568 210 1655 πρὸς
237 1566 274 1635 τὸ
303 1565 368 1634 ἀπὸ
399 1573 473 1652 ΖΓ,
501 1565 539 1634 τὸ
566 1564 632 1635 ὑπὸ
658 1575 765 1636 ΑΗΒ
793 1569 878 1656 πρὸς
904 1570 942 1638 τὸ
970 1565 1038 1638 ἀπὸ
1070 1576 1142 1654 ΓΗ,

128 1673 215 1742 διότι
239 1670 284 1739 δι’
304 1680 392 1758 ἴσον,
416 1670 596 1760 ἀνάπαλιν,
620 1670 666 1754 ὥς
683 1672 722 1742 τὸ
742 1671 808 1742 ἀπὸ
829 1679 895 1743 ΖΓ
912 1676 997 1762 πρὸς
1020 1674 1059 1744 τὸ
1080 1674 1142 1744 ὑπὸ

78 1793 111 1842 15
131 1787 239 1863 BZA,
262 1775 300 1847 τὸ
324 1775 388 1846 ἀπὸ
412 1785 480 1846 ΓΗ
502 1781 586 1868 πρὸς
603 1781 641 1848 τὸ
661 1777 726 1848 ὑτὸ
746 1786 864 1847 ΑΗΒ·
886 1776 1141 1870 ἀναστρέψαντι,

129 1884 174 1967 ὡς
201 1884 238 1954 τὸ
267 1883 332 1954 ἀτο
358 1892 423 1954 ΖΓ
445 1889 530 1976 πρὸς
556 1885 594 1954 τὸ
623 1885 688 1954 ἀπὸ
712 1892 791 1972 ΓΑ,
819 1885 856 1954 τὸ
882 1884 947 1954 ἀπὸ
971 1894 1046 1956 ΗΓ
1064 1886 1143 1978 πρός

129 1991 165 2062 τὸ
190 1991 255 2061 ἀπὸ
279 1999 354 2060 ΓΒ·
379 1993 498 2062 εὐθεῖα
518 1992 583 2080 γάρ
601 2021 652 2073 τις
669 1989 690 2079 ἡ
708 1999 774 2059 ΑΒ
792 1992 948 2079 τέτμηται
968 1996 1046 2080 δίχα
1064 1995 1142 2062 κατὰ

129 2100 166 2168 τὸ
190 2107 232 2185 Γ,
260 2100 315 2167 καὶ
342 2100 535 2188 πρόσκειται
563 2098 583 2186 ἡ
608 2107 686 2185 ΖΑ,
709 2099 765 2166 καὶ
788 2096 826 2166 τὸ
850 2096 916 2165 ὑπὸ
940 2105 1042 2167 ΒΖΑ
1065 2099 1142 2187 μετὰ

128 2211 190 2276 τοῦ
213 2205 279 2274 ἀπὸ
297 2214 366 2274 ΑΓ
387 2216 461 2275 ἴσον
485 2207 553 2274 ἐστὶ
577 2209 622 2294 τῷ
646 2203 711 2272 ἀπὸ
733 2210 804 2290 ΓΖ,
829 2201 913 2272 ὥστε
935 2204 973 2272 τὸ
997 2202 1066 2274 ἀπὸ
1085 2213 1141 2274 ΓΖ

76 2326 111 2374 20
130 2318 191 2381 τοῦ
215 2311 279 2380 ὑπὸ
306 2320 404 2380 ΒΖΑ
427 2311 578 2397 ὑπερέχει
601 2314 646 2400 τῷ
670 2308 735 2378 ἀπὸ
759 2316 834 2396 ΑΓ,
857 2311 912 2377 καὶ
931 2315 1040 2392 καλῶς
1062 2320 1142 2401 εἶρη·

129 2446 182 2487 ται
205 2418 243 2486 τὸ
269 2417 523 2507 ἀναστρέψαντι.

525 2614 594 2689 Εἰς
616 2608 747 2677 τὸ.λα’.

197 2737 384 2804 Διελόντι
408 2733 449 2802 τὸ
474 2731 547 2802 ἀπὸ
572 2740 633 2800 ΓΒ
657 2731 752 2819 πρὸς
775 2733 817 2802 τὸ
842 2732 917 2802 ὑπὸ
938 2743 1046 2804 ΑΗΒ
1065 2744 1143 2824 μεί-

132 2850 223 2924 ζονα
252 2841 372 2928 λόγον
402 2846 480 2927 ἔχει
508 2838 604 2927 ἥπερ
633 2838 675 2909 τὸ
700 2839 773 2908 ἀπὸ
800 2847 861 2908 ΓΒ
884 2841 980 2930 πρὸς
1003 2841 1046 2911 τὸ
1070 2841 1144 2912 ὑπὸ

76 2962 110 3010 ‘25
130 2955 243 3032 ΑΘΒ]
273 2949 342 3016 ἐπεὶ
365 2946 429 3034 γὰρ
453 2945 569 3015 εὐθεῖα
593 2945 613 3036 ἡ
635 2955 700 3015 ΑΒ
723 2948 876 3036 τέτμηται
900 2952 976 3036 δίχα
1000 2948 1084 3018 κατὰ
1106 2952 1144 3019 τὸ

130 3061 172 3139 Γ,
200 3055 255 3121 καὶ
283 3055 473 3142 πρόσκειται
502 3053 586 3144 αὐτῇ
615 3052 635 3141 ἡ
664 3060 742 3140 ΒΗ,
772 3054 809 3122 τὸ
837 3052 903 3122 ὑπὸ
932 3062 1036 3122 ΑΗΒ
1066 3059 1146 3144 μετὰ

130 3162 190 3226 τοῦ
215 3157 279 3226 ἀπὸ
299 3166 360 3227 ΓΒ
385 3168 459 3227 ἴσον
484 3162 552 3228 ἐστὶ
574 3164 619 3252 τῷ
644 3159 709 3228 ἀπὸ
729 3166 808 3228 ΓΗ·
833 3158 916 3229 ὥστε
934 3159 972 3229 τὸ
992 3159 1057 3231 ἀπὸ
1079 3169 1148 3230 ΓΗ

130 3267 191 3331 τοῦ
223 3260 287 3331 ὑπὸ
315 3273 419 3333 ΑΗΒ
452 3264 602 3354 ὑπερέχει
634 3271 679 3360 τῷ
712 3264 778 3335 ἀπὸ
807 3272 877 3337 ΓΒ.
928 3266 984 3334 διὰ
1014 3267 1052 3335 δὲ
1084 3268 1146 3357 τὴν

202 3431 226 3478 2.
253 3428 304 3479 ΖΔ
323 3445 350 3496 p.
437 3432 461 3482 3.
485 3429 559 3482 Ante
577 3432 629 3481 ΔΖ
648 3425 812 3483 ταιιίἱιὲ.
832 3446 858 3496 p.
952 3434 975 3482 7.
1002 3429 1146 3501 ZP(pr.)]

130 3496 160 3551 in
178 3514 231 3552 ras.
251 3497 296 3552 W.
378 3497 520 3554 τουτέστιν
540 3499 584 3553 W.
667 3503 691 3553 9.
711 3493 784 3553 οὕτω
804 3516 831 3567 p.
915 3502 955 3552 10.
976 3501 1082 3552 ΑΓ-
1102 3505 1145 3556 11.
