2444 3892
292 153 443 206 aurocn
461 153 723 207 consmursnn
741 154 781 208 m
800 153 942 208 comen.
1054 153 1118 217 231

102 296 298 360 diametrum
323 298 357 361 in
380 297 519 362 termino
542 296 818 384 perpendicularis
842 298 998 384 erigatur,
1027 301 1120 364 extra

104 403 261 468 circulum
289 402 402 468 cadere
431 425 567 487 eumque
595 403 796 489 contingere,
823 401 1017 488 Apollonius
1041 427 1119 470 uero

102 509 157 574 hic
175 510 430 595 propositionem
450 510 666 575 uniuersalem
685 510 898 595 demonstrat,
920 532 1002 596 quae
1022 513 1119 578 simul

103 617 143 680 de
174 617 278 682 tribus
307 618 381 682 coni
409 616 606 683 sectionibus
635 620 668 682 et
696 616 735 682 de
763 617 882 682 circulo
911 619 1006 687 ualet.

170 722 233 788 hoc
244 725 372 789 tantum
384 724 521 790 circulus
532 746 551 789 a
563 724 761 790 sectionibus
772 724 846 789 coni
857 723 973 808 differt,
988 725 1073 808 quod
1084 726 1119 790 in

103 850 142 895 eo
158 833 265 895 rectae
279 830 427 895 ordinate
442 830 556 896 ductae
571 830 612 895 ad
627 830 822 896 diametrum
836 830 1118 914 perpendiculares

104 938 277 1022 ducuntur3
301 959 405 1023 neque
429 938 515 1003 enirn
538 937 621 1002 aliae
645 941 752 1002 rectae
776 937 861 1002 inter
884 958 918 1002 se
941 938 1119 1021 parallelae

104 1066 125 1107 a
153 1044 310 1110 diametro
334 1045 446 1110 circuli
468 1045 502 1109 in
525 1044 618 1109 binas
642 1046 751 1129 partes
775 1044 927 1128 aequales
951 1047 1117 1129 secantur3

104 1155 140 1216 in
163 1152 268 1217 tribus
288 1173 365 1217 uero
385 1151 584 1217 sectionibus
602 1172 669 1215 non
689 1171 816 1235 semper
833 1149 1117 1234 perpendiculares

102 1258 276 1343 ducuntur,
300 1257 354 1322 sed
379 1258 419 1322 ad
444 1280 519 1323 axes
543 1257 640 1322 solos.

450 1435 507 1500 Ad
528 1457 633 1519 prop.
652 1433 774 1499 XVIII.

170 1551 210 1615 In
246 1551 414 1617 nonnullis
452 1551 617 1616 codicibus
654 1550 734 1616 haec
765 1549 946 1636 propositio
979 1551 1014 1615 in
1048 1552 1119 1617 sola

101 1658 260 1742 parabola
287 1657 530 1742 hyperbolaque
555 1657 809 1742 demonstratur,
839 1657 895 1721 sed
918 1658 1034 1723 melius
1059 1662 1118 1743 est,

101 1764 361 1849 propositionem
389 1764 657 1829 uniuersaliorem
685 1785 768 1848 esse,
795 1764 860 1828 nisi
889 1765 976 1849 quod
1004 1764 1117 1829 illido

102 1870 222 1955 ellipsi,
253 1870 338 1955 quod
366 1871 413 1935 ibi
441 1892 492 1935 res
521 1870 619 1935 dubia
645 1891 711 1935 non
740 1871 795 1954 sit,
823 1871 1022 1935 mentionem
1050 1892 1117 1934 non

100 1976 255 2043 fecerunt.
295 1998 373 2041 nam
396 1977 466 2060 ΓΛ,
491 1997 572 2059 quae
595 1976 682 2040 intra
706 1975 882 2040 sectionem
906 1975 1118 2040 terminatum

101 2084 212 2167 posita
240 2085 304 2167 est,
331 2103 389 2166 per
418 2104 452 2147 se
476 2082 652 2147 sectionem
678 2080 719 2145 ab
743 2082 880 2164 utraque
903 2084 996 2164 parte
1020 2086 1116 2148 secat.

169 2190 489 2256 animaduertendum
509 2192 627 2270 autem,
651 2185 786 2251 candem
806 2186 1118 2254 demonstrationem

101 2297 274 2382 quadrare,
299 2298 398 2362 etiam
423 2297 450 2361 si
473 2300 573 2360 ΑΖΒ
597 2294 773 2360 sectionem
798 2297 893 2358 secet.

477 2474 532 2538 Ad
554 2496 659 2559 prop.
678 2471 749 2538 XX.

168 2591 220 2656 Ab
239 2590 301 2656 hac
320 2588 542 2675 propositione
561 2589 721 2672 incipiens
741 2588 891 2671 deinceps
911 2588 945 2650 in
964 2588 1116 2653 omnibus

99 2697 318 2783 proprietates
342 2695 520 2780 parabolae
540 2696 569 2760 ei
589 2695 652 2759 soli
670 2694 817 2759 adcidere
836 2694 1039 2760 demonstrat
1057 2715 1116 2758 nec

99 2803 160 2883 ulli
188 2803 258 2886 alii,
285 2803 475 2887 plerumque
503 2823 580 2867 uero
607 2802 820 2885 hyperbolae,
848 2801 969 2885 ellipsi,
997 2801 1116 2865 circulo

99 2909 214 2975 eadem
238 2909 387 2974 adcidere
410 2907 621 2974 demonstrat.

169 3016 323 3100 quoniam
343 3019 451 3080 autem
469 3015 519 3096 iis,
538 3015 594 3099 qui
607 3013 793 3079 mechanica
809 3014 964 3097 scribunt,
982 3018 1117 3097 propter

98 3158 254 3225 praeeunte
274 3154 378 3210 Comm.
465 3153 769 3223 6.Q1mg.m.1W.
853 3159 894 3207 13.
913 3153 1009 3224 τοῦτο]
1031 3169 1116 3220 supra

99 3233 283 3296 scr.m.1p.
359 3230 400 3281 14.
422 3221 479 3280 ἐστι
497 3243 525 3294 p.
600 3231 641 3280 15.
661 3224 712 3295 μή]
733 3223 840 3307 scripsi²
860 3225 912 3278 καί
927 3224 997 3294 Wp.
1069 3220 1116 3294 τό]

100 3314 154 3353 cm.
170 3315 189 3366 p
203 3294 234 3351 in
248 3299 316 3353 extr.
331 3296 381 3351 lin.
456 3301 496 3350 16.
517 3291 726 3367 ἆναμφίβολον]
742 3312 851 3365 semper,
869 3292 1030 3368 ἀμφίβολον
1044 3295 1116 3363 Wp,

102 3363 155 3423 criu
174 3363 335 3441 ἀμφίβολον
352 3367 455 3435 Halley
474 3385 538 3422 cum
553 3369 658 3424 Comm.
733 3371 774 3421 18.
795 3361 879 3437 αὐτή]
899 3363 952 3420 αὖ·
971 3382 1069 3422 eccrr.
1086 3365 1117 3419 in

101 3438 182 3497 scrib.
201 3456 229 3508 p.
308 3445 350 3494 19.
369 3437 470 3510 τέμνῃ]
489 3454 504 3493 e
524 3455 592 3494 corr.
612 3457 639 3507 p,
658 3436 753 3508 τέμνει
773 3436 819 3491 W.
900 3443 944 3493 23.
962 3438 1050 3492 πᾶσιν
1071 3436 1118 3492 W.

136 3506 222 3584 αὐτῇ]
239 3527 267 3581 p,
287 3505 360 3581 αῧτῃ
379 3510 424 3565 W.
