2444 3892
124 154 168 219 56
522 154 689 209 ΚΩΝΙΚΩΝ
707 149 746 209 δ’.
797 197 800 202 .

192 301 341 366 ἔστωσαν
364 292 590 382 ἀντικείμεναι
613 298 650 362 αῖ
667 302 711 381 A,
729 301 874 383 ΑΕΓΖ,
897 295 959 364 καὶ
983 300 1075 366 έστω
1091 296 1145 367 κά-

124 431 188 472 νου
215 403 298 489 τομὴ
328 398 348 488 ἢ
376 401 503 469 κύκλου
525 403 719 490 περιφέρεια
741 399 762 489 ἡ
786 408 887 471 ΑΒΖ
912 408 1145 490 συμπίπτουσαι

125 515 166 599 τῇ
186 510 280 599 ἑτέρᾳ
302 512 370 576 τῶν
394 505 634 595 ἀντικειμένων
657 507 740 576 κατὰ

128 616 190 684 δύο
206 628 325 702 σημεῖα
341 613 381 681 τὰ
397 623 438 699 Α,
450 622 488 699 Ζ,
506 614 562 682 καὶ
577 616 740 701 ἐχέτωσαν

90 727 164 790 σαί
190 728 299 804 ΑΒΖ,
327 728 425 787 ΑΓΖ
478 720 575 806 τομαὶ
612 722 665 789 έπὶ
701 719 740 789 τὰ

126 828 210 897 αὐτοὶ
235 828 317 916 μέρη
345 829 385 895 τὰ
411 834 516 895 κοῖλα.
560 828 661 913 λέγω,
690 824 740 896 ὅτι

125 937 147 1024 ἡ
170 944 271 1005 ΑΒΖ
294 933 427 1023 γραμμὴ
452 934 677 1021 ἐκβαλλομένη
700 931 741 1002 οὐ

127 1055 341 1130 συμπεσεῖται
364 1043 404 1128 τῇ
428 1046 469 1107 A.

194 1146 380 1234 ἐπεζεύχθω
396 1142 458 1231 γὰρ
474 1141 537 1231 ἡΑ
543 1151 578 1210 Ζ.
601 1145 657 1213 καὶ
672 1145 741 1212 ἐπεὶ

74 1273 108 1321 10
127 1255 356 1341 ἀντικείμεναί
381 1256 467 1319 είσιν
495 1253 532 1317 αῖ
558 1259 605 1337 Λ,
628 1258 741 1338 ΑΓΖ,

127 1362 183 1430 καὶ
206 1359 226 1448 ἡ
247 1367 311 1427 ΑΖ
335 1357 450 1426 εὐθεῖα
474 1355 556 1424 κατὰ
581 1355 644 1425 δύο
663 1359 773 1446 τέμνει
791 1357 853 1446 τὴν
872 1357 1084 1448 ὑπερβολήν,
1106 1359 1143 1429 οὐ

128 1479 341 1554 συμπεσεῖται
360 1465 584 1550 ἐκβαλλομένη
605 1467 645 1553 τῇ
664 1473 698 1531 A
720 1462 940 1556 ἀντικειμένη.
980 1464 1067 1536 οὐδὲ
1086 1466 1144 1554 ἀρα

127 1572 148 1660 ἡ
169 1583 200 1641 Α
206 1580 267 1639 ΒΖ
291 1569 425 1657 γραμμὴ
450 1584 663 1656 συμπεσεῖται
685 1582 725 1661 τῇ
745 1580 786 1639 A.

609 1817 667 1900 ις’.

75 1984 107 2032 15
191 1960 269 2031 Ἐἀν
287 1960 400 2030 κοίνου
418 1961 502 2048 τομὴ
522 1958 542 2049 ἢ
561 1960 688 2030 κύκλου
705 1961 898 2049 περιφέρεια
919 1963 979 2050 μιᾷ
998 1973 1070 2031 τῶν
1090 1959 1143 2031 ἀν-

126 2071 320 2156 τικειμένων
345 2072 523 2156 συμπίπτῃ,
547 2070 588 2155 τῇ
610 2071 709 2156 λοιπῇ
734 2064 846 2136 αὐτῶν
867 2063 909 2135 οὐ
928 2082 1142 2156 συμπεσεῖται

126 2174 208 2244 κατά
233 2180 372 2242 πλείονα
395 2188 514 2261 σημεῖα
537 2169 557 2259 ἢ
583 2173 655 2242 δύο.

194 2287 343 2348 ἔστωσαν
367 2278 590 2366 ἀντικείμεναι
613 2283 651 2346 αῖ
667 2288 708 2365 Α,
727 2287 767 2365 Β,
790 2280 846 2347 καὶ
871 2281 1089 2367 συμβαλλέτω
1107 2283 1143 2370 τῇ

127 2397 159 2456 Α
182 2385 293 2454 κοίνου
316 2386 400 2472 τομὴ
425 2385 445 2472 ἢ
469 2384 595 2453 κύκλου
618 2387 812 2473 περιφέρεια
835 2382 856 2472 ἡ
875 2391 979 2452 ΑΒΓ
997 2387 1054 2454 καὶ
1075 2414 1144 2474 τεμ-

74 2518 110 2566 20
128 2495 212 2562 νέτω
240 2493 303 2577 τὴν
330 2497 358 2557 Β
388 2490 619 2578 ἀντικειμένην
646 2489 729 2558 κατὰ
756 2493 796 2558 τά
820 2500 864 2578 Β,
886 2497 920 2561 Γ.
966 2494 1069 2580 λέγω,
1096 2490 1144 2562 ὅτι

127 2598 199 2669 κατ’
226 2597 307 2667 ἀλλο
332 2612 472 2685 σημεῖον
497 2594 537 2665 οὐ
562 2612 774 2685 συμπεσεῖται
797 2608 837 2687 τῇ
861 2604 931 2667 ΒΓ.

195 2711 226 2774 εί
251 2704 315 2792 γὰρ
345 2704 507 2790 δυνατόν,
537 2706 746 2791 συμπιπτέτω
774 2703 856 2774 κατὰ
883 2703 921 2773 τὸ
946 2713 987 2774 A.
1035 2702 1057 2791 ἡ
1082 2702 1144 2793 ἀρα

127 2821 228 2883 ΒΓΑ
251 2816 291 2902 τῇ
314 2818 382 2879 ΒΓ
399 2815 483 2900 τομῇ
510 2811 692 2899 συμβάλλει
715 2811 797 2881 κατὰ
820 2816 958 2880 πλείονα
981 2826 1103 2900 σημεῖα
1124 2808 1144 2898 ἢ

129 2923 191 2989 δύο
216 2921 260 3007 μὴ
285 2919 338 2986 ἐπὶ
361 2916 401 2986 τὰ
424 2914 508 2986 αὐτὰ
529 2923 651 3005 ἔχουσα
669 2921 709 2987 τὰ
730 2926 839 2986 κοῖλα·
864 2914 944 3004 ὅπερ
964 2916 1144 2988 ἀδύνατον.

72 3049 109 3099 25
197 3023 320 3113 ὁμοίως
349 3024 386 3092 δὲ
415 3024 643 3113 δειχθήσεται,
671 3026 726 3094 καὶ
754 3025 814 3092 έὰν
843 3022 863 3110 ἡ
888 3029 991 3093 ΑΒΓ
1009 3026 1146 3114 γραμμὴ

128 3137 186 3219 τῆς
209 3130 438 3219 ἀντικειμένης
461 3131 655 3219 ἐφάπτηται.

204 3369 245 3418 15.
265 3363 327 3438 μιᾷ]
342 3383 371 3433 p,
387 3381 441 3419 om.
453 3364 486 3420 V.
562 3370 602 3418 19.
622 3365 656 3436 Α]
672 3382 699 3433 p,
715 3362 769 3417 del.
784 3361 897 3432 puncfis
911 3361 948 3430 λίς
969 3365 995 3416 Β
1009 3378 1033 3430 ο,
1053 3379 1107 3417 om.
1119 3381 1146 3417 v.

166 3438 209 3487 20.
228 3429 280 3502 τὴν
299 3435 333 3505 Β]
352 3435 385 3506 τῇ
405 3437 462 3489 ΝΒ
481 3434 519 3503 V3
541 3432 593 3504 τὴν
613 3439 669 3490 ΒΓ
684 3453 715 3504 p3
736 3450 805 3490 corr.
821 3435 936 3489 MemuS.
1029 3439 1071 3488 24.
1092 3431 1145 3505 μή]

131 3521 185 3560 om.
200 3502 262 3572 Vp;
283 3520 352 3560 corr.
372 3507 489 3563 Memus.
