2444 3892
507 680 659 746 Coniea.
744 724 745 728 =

143 821 425 908 1.PappusV11‚
450 823 492 887 30
516 845 546 906 p.
571 823 636 887 672
661 845 706 907 sq.
731 823 777 888 ed.
800 822 954 888 Hultseh:

456 982 650 1047 Κωνικῶν
673 984 704 1065 η.

143 1103 189 1171 T&
208 1100 397 1172 Εὐκλείδου
420 1107 534 1189 βιβλία
553 1090 574 1169 δ
594 1107 748 1172 κωνικῶν
764 1101 987 1184 ’Λπολλῶνιος
1007 1102 1087 1173 ῶνα-

69 1210 248 1299 πληρῶσας
270 1211 326 1278 καὶ
348 1209 510 1297 προσθεὶς
529 1210 624 1297 ἕτερα
643 1197 664 1275 δ
682 1210 875 1298 παρέδωκεν
893 1215 914 1296 η
933 1215 1087 1285 κωνικῶν
1124 1227 1142 1278 ο

71 1316 180 1405 τεύχη.
223 1314 409 1405 Ἀρισταῖος
433 1319 485 1401 δέ,
511 1314 548 1395 ὀς
570 1315 693 1405 γράφει
716 1319 813 1405 μέχρι
835 1321 897 1385 τοῦ
920 1327 986 1385 νῦν
1010 1315 1088 1385 ῶνα-

71 1423 235 1511 διδόμενα
254 1426 398 1512 στερεῶν
417 1422 530 1490 τόπων
549 1422 648 1511 τεύχη
667 1427 823 1512 ἓσυνεχη
838 1437 908 1505 τοῖς
921 1437 1088 1511 κωνικοίς,

71 1529 180 1599 ἕκόλει
191 1531 298 1598 -καλ
321 1534 356 1597 ολ
367 1531 431 1618 πρὸ
445 1526 672 1599 Ἀπολλωνίου
686 1571 722 1581 -
735 1533 803 1599 τῶν
816 1534 920 1619 τριῶν
934 1533 1089 1598 κωνικῶν

70 1647 231 1725 γραμμῶν
251 1635 314 1722 τὴν
333 1635 395 1723 μὲν
414 1636 614 1723 ὀξυγωνίου,
637 1637 698 1724 τὴν
718 1635 756 1704 δὲ
775 1635 1003 1723 ὀρθογωνίου,
1026 1636 1088 1724 τὴν

71 1743 109 1810 δὲ
132 1742 370 1829 ὀμβλυγωνίου
393 1741 506 1811 κῶνον
526 1745 642 1831 τομήν.
679 1738 797 1810 ἑπελδ
820 1744 856 1809 ἐν
876 1742 1001 1833 ἑκάστω
1020 1747 1088 1812 τῶν
1107 1759 1141 1810 10

70 1853 175 1937 τριῶν
214 1849 344 1918 τούτων
379 1848 500 1917 κῶνων
538 1848 710 1937 διαφόρως
746 1849 960 1935 τεμνομένων
996 1852 1035 1915 αί
1067 1855 1088 1935 γ

71 1960 224 2042 γίνονται
247 1963 408 2043 γραμμαί,
433 1954 651 2043 διαπορήσας,
675 1951 720 2034 ῶς
741 1959 906 2040 φαίνεται,
926 1951 1088 2022 Ἀπολλῶ-

71 2088 153 2148 νιος,
177 2067 212 2129 τί
232 2061 355 2149 δήποτε
379 2058 678 2148 ἀποκληρώσαντες
702 2064 738 2128 ολ
752 2057 817 2147 πρὸ
837 2057 943 2127 αὐτοῦ
964 2055 1008 2146 ἢν
1026 2059 1088 2147 μὲν

72 2168 216 2237 ἐκάλουν
236 2166 424 2255 ὀξυγωνίου
443 2166 558 2235 κῶνον
576 2164 681 2253 τομὴν
701 2166 897 2252 δυναμένην
916 2166 972 2233 καὶ
987 2162 1088 2254 ὀρθο·

70 2280 198 2361 γωνίον
229 2276 283 2342 καὶ
316 2274 555 2362 ὀμβλυγωνίου
588 2270 690 2360 εἶναι,
728 2269 772 2360 ἣν
806 2271 844 2340 δὲ
873 2270 1089 2360 ὀρθογωνίου
1109 2287 1140 2338 15

71 2378 158 2450 εἶναι
186 2383 378 2468 δυναμένην
408 2379 597 2466 ὀξυγωνίου
625 2380 738 2448 τεκαὶ
762 2377 1016 2466 όιμβλυγωνίου,
1044 2375 1088 2466 ἣν

71 2486 109 2555 δὲ
141 2485 379 2576 όμβλυγωνίου
413 2488 605 2574 δυναμένην
639 2484 727 2555 εἶναι
755 2485 944 2571 ὀξυγωνίον
971 2510 1006 2552 τε
1031 2485 1088 2552 καλ

71 2593 298 2682 ὀρθογωνίου,
322 2594 477 2681 μεταθεὶς
499 2591 539 2661 τδι
564 2591 712 2680 ὀνόματα
735 2599 832 2660 καλεῖ
852 2588 914 2677 τὴν
935 2589 997 2678 μὲν
1016 2588 1088 2672 ὀξυ-

69 2705 199 2786 γωνίου
239 2702 450 2787 καλουμένην
488 2704 657 2785 ἔλλειψιν,
698 2698 759 2786 τὴν
797 2697 835 2766 δὲ
872 2696 1089 2784 ὀρθογωνίου

68 2806 282 2895 παραβολήν,
308 2804 369 2893 τὴν
394 2807 432 2875 δὲ
454 2805 694 2894 όιμβλυγωνίου
716 2803 921 2890 ὑπερβολήν,
946 2803 1087 2889 ἑκόστην
1107 2818 1145 2868 2ο

71 2910 103 2980 δ’
130 2910 196 2981 ἀπό
214 2939 307 2993 τινος
326 2918 417 2982 ίδίου
436 2912 696 3001 συμβεβηκότος·
721 2917 848 3000 χωρίον
866 2908 930 2997 γόρ
949 2936 981 2977 τι
999 2909 1088 2997 παρά

69 3045 146 3088 τινα
173 3017 333 3108 γραμμὴν
361 3019 661 3108 παραβαλλόμενον
691 3021 728 3087 ἐν
750 3017 813 3106 μὲν
836 3021 876 3106 τῇ
901 3017 1089 3102 ὀξυγωνίου

67 3125 183 3196 κῶνον
215 3130 300 3215 τομῇ
335 3129 486 3195 ἐλλεῖπον
515 3131 643 3212 γίνεται
669 3123 884 3215 τετραγῶνῳ,
917 3124 954 3191 ἐν
982 3121 1020 3190 δὲ
1047 3123 1086 3212 τῇ

65 3233 284 3254 ἱ--,-..

146 3311 171 3359 6.
199 3302 327 3375 γέγραφε
350 3303 480 3358 ΗοΙλοολι.
584 3302 665 3374 μέχρι
706 3298 741 3357 τό
771 3299 853 3372 μέχρι
881 3299 1002 3356 Hultsch
1024 3315 1089 3354 cum

73 3373 191 3430 HalleiO.
256 3380 281 3430 8.
301 3373 351 3429 nal
369 3372 399 3429 ολ
414 3369 664 3443 πρδἈπολλωνίου
697 3374 751 3428 del.
768 3372 897 3428 Hultsch.
967 3378 1010 3427 21.
1030 3367 1091 3426 ῶπό

71 3444 120 3499 uel
137 3441 166 3516 γ’
182 3440 240 3500 ἀπό
260 3445 390 3501 Hultsch.
