2444 3892
456 195 682 250 FRAGMENTA.

265 390 318 455 De
341 390 553 477 principiis
577 391 877 456 mathematicis.

133 513 186 578 51.
213 513 360 579 Marinus
383 515 418 578 in
442 514 529 579 Data
551 513 696 579 Euclidis
719 538 749 599 p.
769 516 790 579 2
814 515 860 580 ed.
879 513 1006 600 Hardy:

133 614 199 684 Διό
223 621 291 685 τοόν
314 615 547 705 ἁπλουστέρας
570 619 625 684 καὶ
649 627 708 704 μιᾷ
732 644 798 685 τινι
822 621 968 707 διαφορᾷ
988 643 1077 707 περι-

64 721 208 808 γράφειν
230 723 268 791 τὸ
291 725 475 809 δεδομένον
494 724 715 808 προθεμένων
735 726 770 790 οί
786 723 847 808 μέν
866 726 1077 810 τεταγμένον,

66 825 110 905 ὡς
125 826 348 907 Ἀπολλοόνιος
363 832 399 897 έν
414 834 452 916 τῇ
467 829 543 915 περὶ
558 827 707 896 νεύσεων
721 827 776 894 καὶ
791 831 828 895 έν
841 838 884 916 τῇ
900 829 1079 897 καθόλου
1116 847 1132 896 σ

65 941 318 1023 πραγματείᾳ.

133 1057 185 1121 52.
216 1059 349 1124 Procius
373 1060 406 1124 in
429 1059 533 1128 Elem.
556 1082 586 1143 p.
608 1061 680 1138 100,
699 1059 776 1144 5sq.
786 1057 810 1146 ¹)

128 1158 383 1247 Ἀποδεξοόμεθα
411 1162 448 1229 δέ
475 1163 530 1230 καὶ
557 1161 637 1242 τοὺς
665 1165 740 1250 περὶ
769 1163 996 1233 Ἀπολλοίνιον
1028 1167 1079 1234 λέ-

65 1292 198 1352 γοντας,
219 1265 269 1334 ότι
288 1271 441 1355 γραμμῆς
460 1273 595 1337 ἔννοιαν
615 1269 676 1356 μὲν
693 1275 822 1356 ἔχομεν,
841 1267 922 1339 ὅταν
936 1271 976 1340 τὰ
991 1271 1078 1359 μήκη

63 1371 170 1458 μόνον
193 1368 213 1458 ἢ
237 1383 304 1441 τῶν
329 1371 420 1441 ὁδῶν
442 1371 463 1461 ἢ
487 1385 555 1442 τῶν
577 1380 700 1462 τοίχων
719 1373 918 1462 άναμετρείν
937 1377 1076 1446 κελεύω-
1097 1394 1130 1443 1⁰

62 1497 138 1564 μεν·
165 1477 206 1545 οὐ
224 1478 289 1566 γάρ
309 1480 587 1569 προσποιούμεθα
605 1482 680 1549 τότε
697 1480 735 1550 τό
755 1483 889 1568 πλάτος,
913 1481 998 1552 άλλά
1016 1483 1078 1572 τὴν

63 1582 116 1668 ἐφ’
135 1587 173 1651 ἓν
193 1584 369 1654 διάστασιν
384 1584 663 1674 άναλογιζόμεθα,
682 1588 836 1674 καθάπερ
852 1590 894 1675 δὴ
909 1596 976 1675 καί,
995 1589 1077 1659 όταν

62 1695 166 1776 χωρία
198 1694 383 1777 μετρῶμευ,
414 1690 478 1778 τὴν
510 1691 709 1778 ἐπιφάνειαν
739 1692 889 1783 ὁρῶμεν,
922 1694 1003 1764 όταν
1038 1694 1075 1763 δέ

63 1795 206 1882 φρέατα,
236 1795 273 1864 τὸ
299 1797 448 1883 στερεόν·
479 1797 586 1879 πάσας
609 1801 674 1886 γάρ
698 1796 785 1887 ὁμοῦ
807 1800 866 1880 τὰς
890 1802 1077 1882 διαστάσεις

63 1900 286 1986 συλλαβόντες
308 1901 569 1990 ἀποφαινόμεθα
587 1904 728 1971 τοσόνδε
748 1903 833 1973 εἶναι
853 1908 890 1973 τὸ
912 1907 1076 1994 διάστημα
1097 1927 1129 1976 15

61 2009 124 2073 τοῦ
150 2009 294 2094 φρέατος
325 2008 409 2076 κατά
439 2035 474 2076 τε
503 2012 606 2095 μῆκος
638 2010 693 2076 καί
721 2011 843 2089 πλάτος
875 2012 930 2078 καὶ
958 2013 1077 2100 βάθος.

64 2121 226 2199 αἴσθησιν
260 2114 298 2181 δὲ
326 2111 428 2199 αὐτῆς
455 2114 617 2200 λάβοιμεν
650 2111 693 2181 άν
721 2112 896 2195 άπιδόντες
923 2121 971 2197 εἰς
999 2118 1077 2198 τούς

63 2219 260 2305 διορισμοὺς
288 2224 358 2288 τῶν
385 2222 647 2307 πεφωτισμένων
674 2218 785 2288 τόπων
813 2218 878 2288 άπὸ
901 2226 969 2291 τῶν
993 2228 1077 2292 ἐσκι-

63 2326 218 2411 ασμένων
240 2326 296 2393 καὶ
320 2326 373 2393 ἐπὶ
396 2329 455 2412 τῆς
479 2327 618 2413 σελήνης
640 2327 695 2394 καὶ
719 2327 771 2394 ἐπὶ
795 2330 853 2413 τῆς
875 2332 948 2414 γῆς·
975 2341 1075 2399 τοῦτο

62 2430 127 2518 γάρ
146 2429 184 2498 τὸ
205 2433 308 2516 μέσον
327 2430 410 2499 κατά
428 2432 490 2519 μὲν
509 2432 633 2512 πλάτος
650 2430 854 2501 άδιάστατόν
869 2436 947 2520 ἐστι,
972 2441 1076 2523 μῆκος
1093 2453 1128 2502 2ο

64 2535 102 2603 δέ
125 2541 191 2623 ἔχει
213 2536 251 2604 τό
276 2538 644 2626 συμπαρεκτεινόμενον
667 2544 713 2631 τῷ
737 2539 822 2625 φωτὶ
849 2541 906 2607 καὶ
928 2544 967 2630 τῇ
991 2546 1076 2633 σκιᾷ.

131 2663 182 2728 53.
211 2663 345 2729 Proclus
369 2666 402 2729 in
425 2665 529 2730 Elem.
553 2690 583 2751 p.
606 2668 812 2751 123‚14sq.:

135 2772 203 2834 Τοῦ
231 2767 294 2853 μὲν
316 2766 503 2836 Εὐκλείδου
531 2776 641 2838 κλίσιν
671 2771 827 2855 λέγοντος
849 2769 912 2857 τὴν
935 2777 1075 2858 γωνίαν,

63 2882 124 2939 τοῦ
149 2872 186 2939 δὲ
206 2869 432 2942 Ἀπολλωνίου
455 2874 657 2963 συναγωγὴν
681 2880 876 2964 ἐπιφανείας
898 2874 919 2964 ἢ
939 2891 1076 2964 στερεοῦ

62 2978 145 3065 πρὸς
170 2979 219 3046 ἑνί
239 2985 362 3070 σημείῳ
381 2977 447 3047 ὑπὸ
466 2982 669 3070 κεκλασμένγ
689 2986 823 3071 γραμμῇ
842 2980 862 3069 ἢ
884 2985 1073 3074 ἐπιφανείᾳ·
1093 3001 1127 3050 25

63 3090 159 3152 δοκεῖ
179 3084 243 3173 γάρ
269 3077 366 3164 οὗτος
388 3085 540 3155 καθόλου
563 3091 673 3155 πάσαν
696 3085 918 3177 ἀφορίζεσθαι
938 3097 1075 3176 γωνίαν.

136 3317 163 3386 1)
190 3316 231 3370 De
259 3314 304 3369 his
332 3315 498 3383 fragmentis
524 3334 551 3371 u.
574 3315 703 3386 Tannsry
731 3317 855 3373 Bulletin
879 3317 927 3373 des
953 3319 1075 3375 sciences

62 3387 308 3455 mathematicum,
329 3393 358 3441 2Θ
372 3385 452 3454 serie,
470 3386 496 3440 V
509 3403 536 3455 p.
552 3392 611 3455 124,
631 3389 659 3442 et
676 3387 725 3443 cfr.
740 3404 812 3456 quae
826 3391 921 3444 monui
936 3389 1074 3461 Philolog.

62 3456 151 3511 XLIII
165 3477 192 3528 p.
209 3463 269 3512 488.
297 3457 403 3512 ibidem
422 3457 579 3525 suspicatus
598 3476 667 3528 sum,
688 3459 774 3513 etiam
788 3460 877 3515 Procl.
892 3478 919 3530 p.
935 3468 995 3532 227,
1011 3469 1072 3530 9sq.

62 3527 99 3581 ad
117 3527 298 3598 Apollonium
317 3528 464 3599 pertinere.
