2444 3892
468 169 746 223 PROLEGOMENA.
993 168 1119 224 LXXXV

102 309 178 364 notis
198 310 425 378 commemoraui,
442 309 677 380 interpolationes
695 311 810 365 inutiles
828 326 864 366 ne
882 309 981 366 notsni
994 311 1117 382 quidem,

101 406 177 481 nunc
200 390 286 444 etiarn
308 391 399 460 magis
423 389 553 458 inutiles,
582 389 714 458 qnoniam
732 391 847 444 tandem
870 390 907 446 ed
925 390 1036 447 codices
1054 393 1117 446 red-

101 469 311 603 m'miisi'iees
334 549 449 604 v-vn
476 548 593 605 menen
616 547 744 603 Helleius
770 563 837 602 usus
865 551 908 604 est
934 552 1117 622 ,apographo

101 627 259 685 Bodleiano
282 627 389 684 codicis
406 627 520 684 Arabici
544 646 578 683 ex
600 628 729 683 versione
756 626 826 682 sctis
845 629 996 698 antiquae
1014 630 1119 687 Thebit

100 708 158 763 ben
176 707 268 763 (torah
291 707 381 778 facta,
411 710 460 763 sed
485 707 567 762 annin
591 707 694 763 abhinc
713 707 830 772 ,circiter
853 704 1118 765 0000111111-

100 788 195 842 Eddin
213 788 370 844 recensite“
390 787 488 857 (presi.
508 806 536 856 p.
551 791 592 854 2),
610 787 638 841 h.
654 803 677 841 e.
696 785 777 840 Bodl.
797 790 859 854 885,
877 787 1011 843 adhibitio
1030 788 1117 843 etiam

102 869 268 937 compendio
287 865 494 923 Abdnlmelikii
517 864 607 934 (Bodl.
626 870 692 932 91³,
718 863 803 933 quern
825 865 930 920 Bauius
953 867 1118 923 exoriente

102 949 310 1017 asportauerat)
330 950 360 1000 et
378 944 503 1001 editione
518 943 643 1001 Borellii.
672 960 756 1014 opere
775 944 888 998 demum
905 945 1029 1014 perfecto
1046 947 1117 1001 Nar-

103 1026 192 1081 cissus
206 1026 303 1094 Mansh
316 1024 543 1096 archiepiscopus
553 1022 745 1079 Armachanus
760 1041 794 1078 ex
809 1022 946 1078 Hibernia
959 1025 1119 1094 „exemplar

104 1105 256 1159 Golianum
275 1103 512 1173 antiquissimum,
531 1105 605 1174 quod
623 1104 659 1159 ab
678 1103 830 1159 heredibus
851 1103 927 1159 Golii
944 1103 1119 1158 redemerat‘

105 1184 144 1254 (h.
164 1201 188 1240 e,
211 1183 292 1240 Boel.
313 1189 377 1252 943,
404 1203 431 1239 u.
456 1182 512 1238 Nix
534 1202 561 1254 p.
583 1185 627 1251 10)
649 1182 821 1252 transmisit,
850 1184 885 1237 de
911 1200 967 1254 quo
991 1182 1119 1238 Helleius

102 1265 191 1335 praef.
209 1283 237 1334 p.
255 1270 284 1318 2:
313 1282 365 1333 „ex
383 1263 437 1318 hoc
456 1265 580 1333 optimae
599 1266 683 1319 notae
703 1264 811 1330 codice,
836 1263 885 1332 qui
904 1264 1014 1333 septem
1032 1261 1119 1332 Apol·

101 1343 171 1398 lonii
185 1344 273 1398 libros
288 1345 450 1414 complexus
464 1344 515 1410 eet,
536 1360 594 1399 non
607 1343 697 1398 solnm
712 1343 871 1398 versionem
884 1360 977 1398 meam
991 1342 1119 1398 recensui

101 1426 131 1479 et
150 1440 168 1477 a
185 1423 294 1478 mendis
312 1423 455 1480 nonnullis
473 1422 606 1491 liberaui,
631 1423 681 1478 sod
704 1425 733 1478 et
755 1423 874 1478 lacunas
897 1422 1020 1493 aliquot,
1044 1437 1118 1492 quae

99 1502 206 1574 possim
224 1504 283 1559 fere
302 1505 387 1560 etiarn
405 1504 435 1559 in
454 1502 568 1558 Graecis
588 1504 778 1570 occurrebant,
800 1502 955 1572 supplerit

172 1585 242 1638 Post
259 1582 401 1640 Helleium
419 1583 492 1638 nihil
512 1581 551 1638 ad
569 1582 656 1638 uerba
673 1581 820 1653 Apollonii
840 1583 1014 1638 emendenda
1033 1581 1116 1638 effec-

100 1667 163 1720 tum
182 1667 236 1729 est;
264 1680 330 1718 narn
348 1662 476 1730 Balscm,
500 1661 549 1732 qui
572 1679 596 1717 a.
616 1667 684 1718 1861
705 1661 830 1717 Berolini
853 1663 1116 1733 interpretationem

101 1743 298 1799 Germanicam
322 1742 412 1799 edidit
435 1743 578 1798 Helleium
600 1741 722 1797 maxime
747 1745 872 1810 secutus,
903 1760 963 1798 rem
986 1741 1116 1798 criticam

101 1842 159 1880 non
179 1822 296 1880 curauit.
