2444 3892
414 141 627 220 conrooauu
645 170 755 251 nmen
771 172 817 222 IV.
1077 171 1120 237 85

105 313 152 393 A,
168 314 201 371 A
224 309 385 373 sectiones
408 311 633 396 contingentes
658 311 815 377 ducantur
837 318 911 398 ΑΘ,
926 319 1001 400 ΘΔ,
1025 315 1120 381 duca-

105 418 222 499 turque
251 422 334 500 ΑΔ,
367 419 400 480 et
426 439 484 500 per
512 422 543 480 E
568 421 674 482 rectae
702 420 773 481 ΑΛ
800 422 958 502 parallelo
986 423 1120 488 ducatur

99 506 103 511 ’
731 528 848 610 ΕΒΓ,
891 550 910 592 a
946 532 974 592 Θ
1012 528 1120 594 autern

678 645 679 649 ’
758 634 897 698 secunda
920 635 1096 700 diametrus

733 739 953 823 oppositarum
982 742 1118 808 ducatur

731 842 880 932 oKA1);
903 868 941 910 ea
963 847 1066 928 igitur
1084 850 1119 913 in

730 955 765 1015 K
777 955 899 1017 rectam
910 958 977 1016 ΑΛ
991 954 1025 1017 in
1040 953 1119 1019 duas

731 1062 840 1140 partes
865 1060 1015 1143 aequales
1035 1082 1119 1125 seca-

730 1164 780 1230 bit
808 1164 869 1249 [ΙΙ,
897 1167 1020 1246 39].1
1009 1165 1118 1250 itaque

732 1271 830 1336 etiam
867 1275 1004 1355 utraque
1036 1276 1119 1356 ΕΒ,

100 1379 170 1440 ΕΓ
188 1376 222 1441 in
243 1380 274 1439 Λ
297 1379 331 1441 in
350 1378 444 1442 binas
462 1381 572 1462 partes
593 1380 743 1464 aequales
763 1382 831 1444 sect
832 1400 851 1443 a
870 1382 920 1442 est
944 1378 975 1458 [I
993 1377 1054 1442 def.
1074 1380 1119 1458 4].

102 1504 202 1567 quare
222 1487 288 1547 BA
303 1515 344 1536 =
360 1487 436 1570 ΛΓ,
461 1485 545 1570 quod
565 1486 635 1550 fieri
655 1508 721 1552 non
739 1488 855 1571 potest.
895 1506 972 1570 ergo
996 1485 1029 1549 in
1054 1485 1119 1550 alio

100 1592 224 1674 puncto
247 1611 313 1655 non
338 1594 537 1656 concurrent.

465 1753 467 1756 ·
568 1750 656 1815 nur.
697 1711 699 1715 ’

170 1869 205 1936 Si
222 1872 404 1956 hyperbola
424 1873 560 1937 alteram
580 1872 804 1957 oppositarum
822 1874 858 1936 in
876 1865 1000 1938 duobus
1018 1896 1119 1957 punc·

100 1978 145 2043 tis
165 1979 334 2062 contingit,
354 1979 454 2043 sectio
475 1979 504 2042 ei
524 1980 676 2063 opposita
691 2000 764 2043 cum
780 1979 882 2043 altera
897 1980 1119 2063 oppositarum

100 2105 168 2149 non
192 2086 369 2149 concurret.

171 2189 237 2254 sint
251 2191 420 2273 oppositae
435 2193 549 2273 ΑΔΒ,
560 2194 598 2273 Β,
618 2193 650 2254 et
665 2190 844 2275 hyperbole
858 2194 891 2252 A
896 2192 928 2252 Γ
944 2190 1119 2255 sectionem

100 2299 207 2360 ΑΔΒ
230 2297 264 2360 in
287 2297 412 2362 duobus
437 2296 567 2380 punctis
590 2302 636 2380 A,
655 2301 683 2360 Β
713 2296 895 2380 continget,
924 2296 1030 2381 sitque
1054 2319 1119 2362 sec·

101 2402 186 2466 tioni
204 2404 275 2466 ΑΓ
294 2403 444 2487 opposita
464 2406 499 2467 Z.
541 2403 621 2486 dico,
647 2407 673 2465 Z
692 2425 764 2468 cum
783 2406 815 2465 E
836 2424 903 2467 non
922 2424 1119 2470 concurrere.

171 2530 248 2572 narn
278 2510 307 2572 si
334 2509 405 2572 fieri
433 2512 556 2592 potest,
584 2509 618 2571 in
642 2512 674 2571 E
694 2512 876 2592 concurrat,
905 2514 938 2573 et
962 2510 1002 2574 ab
1027 2516 1118 2595 A,B

101 2613 262 2678 sectiones
287 2615 512 2699 contingentes
537 2615 694 2680 ducantur
717 2619 802 2700 AH,
822 2619 904 2698 ΗΒ,
928 2619 961 2678 et
984 2616 1120 2681 ducatur

100 2724 168 2784 ΑΒ
192 2723 225 2783 ct
243 2724 323 2805 ΕΗ,
348 2743 430 2805 quae
453 2722 662 2805 p'roducatur3
688 2721 845 2786 sectiones
871 2721 973 2807 igitur
994 2723 1029 2785 in
1053 2723 1118 2786 alio

100 2829 200 2911 atque
224 2827 288 2890 clio
312 2831 433 2911 puncto
458 2829 589 2893 secabit.
625 2826 716 2893 uelut
740 2829 783 2892 sit
801 2831 980 2892 ΕΗΓΛΘ.
1019 2850 1118 2912 quon-

102 2933 170 2998 iam
194 2933 296 3018 igitur
317 2937 403 3017 AH,
422 2937 489 2998 ΗΒ
518 2935 725 3020 contingunt,
754 2939 786 2998 et
809 2940 875 2999 AB
898 2939 1020 3019 puncta
1043 2956 1117 2999 con-

99 3041 208 3104 tactus
232 3039 411 3124 coniungit,
434 3041 469 3103 in
493 3040 602 3105 alteris
626 3041 821 3105 sectionibus
850 3041 1031 3125 coniugatis
1056 3043 1117 3106 erit

101 3147 167 3208 ΘΒ
180 3166 187 3208 :
202 3148 276 3207 ΕΗ
286 3176 327 3198 =
343 3149 411 3208 ΘΔ
425 3169 432 3209 :
447 3150 532 3229 ΔΗ,
555 3147 589 3209 in
614 3147 723 3211 alteris
749 3151 859 3212 autem

406 3255 490 3315 ΘΕε
506 3255 631 3314 EH=
647 3255 729 3315 or:
744 3257 817 3317 ΓΗ

175 3373 201 3440 1)
217 3371 275 3425 Aut
288 3387 352 3425 cum
363 3371 468 3426 Oomm.
480 3373 561 3426 ΘΑΚ
574 3372 752 3427 scribendum
767 3374 816 3427 aut
826 3374 916 3442 figura
930 3392 992 3428 curn
1002 3375 1114 3431 Halteio

101 3444 239 3497 mutanda
262 3443 302 3512 (in
325 3443 371 3512 fig.
388 3441 491 3498 codicis
513 3447 546 3511 Γ,
559 3448 581 3499 Β
606 3447 783 3512 permutatae
802 3446 885 3514 suut)
929 3447 978 3500 scd
1003 3449 1115 3504 omnino

100 3511 172 3568 haec
191 3513 394 3568 demonstratio
414 3515 504 3567 minus
524 3515 599 3568 recte
618 3531 750 3582 expressa
770 3515 820 3568 est,
