2444 3892
125 148 187 211 132
516 147 745 200 FRAGMENTA.

124 295 240 374 δηλον,
264 293 334 368 πῶς
356 293 446 356 ἔστιν
465 287 526 356 τὸν
547 288 694 355 δοθέντα
713 291 826 372 στίχον
845 287 1143 354 πολλαπλασιάσαι

123 396 178 462 καὶ
202 399 308 462 εἰπεῖν
330 392 391 461 τὸν
416 392 600 479 γενόμενον
619 391 768 481 ἀριθμὸν
792 394 827 459 ἐκ
845 402 906 459 τοῦ
924 390 984 458 τὸν
1003 396 1144 480 πρῶτον

123 505 191 569 τῶν
215 497 384 588 ἀριθμῶν,
409 494 449 566 δν
474 505 589 584 εἴληφε
612 495 654 566 τδ
673 502 807 583 πρῶτον
830 502 898 566 τῶν
921 497 1142 584 γραμμάτων,

125 608 177 675 ἐπὶ
196 605 255 675 τὸν
275 605 435 692 δεύτερον
454 602 615 690 ἀριθμόν,
638 600 679 672 ὃν
699 612 814 690 εἴληφε
833 601 870 671 τὸ
892 601 1052 688 δεύτερον
1070 610 1143 673 τῶν

89 728 107 775 5
126 712 341 801 γραμμάτων,
364 715 701 798 τιολνιτλασιασθῆναι
724 711 780 778 καὶ
802 708 863 778 τὸν
881 708 1068 795 γενόμενον
1088 713 1143 779 ἐπὶ

125 817 186 886 τὸν
210 825 323 904 τρίτον
346 817 507 905 ἀριθμόν,
532 813 572 886 δν
593 825 708 904 εἴληφε
726 817 762 884 τὸ
782 821 896 903 τρίτον
914 815 1061 901 γράμμα,
1084 818 1143 884 καὶ

124 923 207 993 κατὰ
226 925 263 993 τὸ
285 927 359 1012 ἑξῆς
378 931 597 1012 περαίνεσθαι
616 925 710 1012 μέχρι
729 927 789 991 τοῦ
809 920 1062 1002 διεξοδεάεσθαι
1079 925 1143 991 τὸν

126 1036 256 1119 στίχον,
289 1029 335 1111 ῶς
362 1029 453 1098 εἶπεν
478 1028 699 1109 Ἀιτολλῶνιος
728 1031 763 1096 ἐν
792 1027 917 1116 domist)
967 1026 1051 1094 κατά
1080 1027 1143 1097 τὸν

126 1143 240 1223 στίχον
265 1135 382 1215 οὕτως·

76 1257 108 1305 10
192 1240 381 1329 Ἀρτέμιδος
408 1247 513 1308 κλεϊτε
538 1241 660 1328 κράτος
683 1242 799 1328 ἔξοχον
824 1241 920 1308 ἐννέα
943 1243 1064 1327 κοῦραι

126 1347 177 1437 (τὸ
202 1348 239 1416 δέ
261 1356 368 1415 κλεϊτε
392 1347 497 1435 φησὶν
521 1344 596 1414 ἀντὶ
618 1350 679 1414 τοῦ
703 1345 941 1435 ὑπομνήσατε).

192 1527 245 1592 50.
273 1528 402 1610 Pappus
426 1526 467 1611 ΙΙ,
494 1527 533 1591 18
558 1527 795 1610 p.20,10sq.:

190 1645 268 1713 Ἐὰν
292 1645 357 1732 ἀρα
381 1645 460 1726 τοὺς
484 1646 564 1713 δέκα
590 1645 758 1735 ἀριθμοὺς
787 1651 1002 1730 [centenarios
1025 1671 1142 1715 uersus

125 1756 227 1835 illius]
244 1751 515 1839 διπλασιάσωμεν
529 1753 584 1820 καὶ
594 1753 672 1834 τοὺς
685 1754 886 1840 γενομένους
900 1759 920 1821 ῖι
934 1757 1142 1839 προσθῶμεν

74 1872 108 1921 15
126 1870 196 1937 τοῖς
219 1859 406 1945 εἰρημένοις
408 1855 541 1958 -ἀιτλῶς
563 1858 722 1948 ἀριθμοῖς
742 1860 1003 1948 ἕατακαίδεκαβ)
1027 1861 1142 1945 τάγε-

478 1968 492 1990 Η

126 1963 253 2052 νόμενα
287 1962 372 2052 ὁμοῦ
406 1972 443 2047 λζ
474 1967 591 2054 εξομεν
623 1977 691 2035 τῶν
723 1963 780 2033 ὑπ’
811 1964 916 2033 αὐτοῦ
947 1967 1141 2052 λεγομένων

126 2069 312 2156 ἀναλόγων.
359 2067 423 2139 κάν
451 2086 521 2151 τοϊς
548 2073 609 2159 μὲν
638 2075 718 2142 δέκα
740 2071 900 2159 ἀριθμοῖς
922 2069 1141 2159 ὑποτάξωμεν

127 2179 329 2262 ἰσαρίθμους
359 2179 437 2245 δέκα
460 2178 542 2245 κατὰ
566 2178 660 2260 τάξιν
685 2176 918 2264 ἕκατοντάδος,
951 2192 1022 2256 τοῖς
1050 2179 1088 2247 δὲ
1113 2167 1143 2262 r}

127 2281 248 2367 ὁμοίως
271 2280 488 2371 δτιοτάξωμεν
514 2284 656 2362 δεκάδας
675 2273 714 2370 ι-ζ,
738 2284 887 2372 φανερὸν
912 2287 947 2351 ἐκ
969 2288 1030 2352 τοῦ
1052 2282 1142 2353 ἀνῶ-

72 2403 109 2452 20
127 2413 224 2474 τερον
253 2393 444 2476 λογιστικοῦ
474 2389 692 2476 θεωρήματος
719 2390 778 2478 ιβ’,
817 2389 868 2459 ὅτι
898 2392 977 2458 δέκα
1006 2392 1141 2460 ἕκατον-

126 2490 223 2570 τάδες
242 2491 323 2578 μετὰ
341 2499 409 2561 τῶν
425 2502 455 2575 ιζ
472 2495 624 2563 δεκάδων
642 2501 778 2564 ποιοῦσι
793 2496 958 2585 μυριάδας
975 2499 1141 2578 ἐνναπλάς

128 2599 215 2666 δέκα.

199 2867 226 2933 1)
249 2864 302 2918 Hie
324 2862 447 2932 incipere
471 2865 584 2920 uidetur
607 2867 744 2936 expositio
772 2869 892 2936 amplior
915 2869 1006 2938 Peppi
1033 2886 1141 2940 eorum,

91 3012 94 3022 Ι
127 2952 199 3004 quae
218 2934 385 3004 Apollonius
403 2934 485 2989 initio
505 2937 598 3007 operis
615 2939 738 2993 breuiter
756 2938 972 3010 signifioeuerat.

199 3028 226 3093 2)
246 3022 288 3078 So.
308 3023 428 3078 denariis
446 3042 551 3080 uersus.

200 3278 224 3326 3.
239 3273 294 3324 τῶν
307 3266 455 3342 ἀριθμῶν]
469 3266 595 3342 ἀριθμόν
610 3274 739 3330 Hultsoh.
798 3282 822 3332 5.
837 3279 1141 3346 πολλαπλασιασθῆναι

128 3340 248 3396 Hulteoh
264 3359 326 3396 oum
340 3342 480 3396 Wellisio.
536 3349 560 3397 8.
580 3339 629 3415 ῶς]
649 3342 682 3400 ὅν
698 3346 823 3401 Haltsoh.
878 3345 952 3402 κατὰ
967 3345 1017 3403 τὸν
1032 3351 1139 3422 στίχον]

129 3409 183 3464 del.
202 3410 330 3468 Hulisoh.
405 3420 445 3468 13.
465 3413 530 3475 τούς
549 3445 582 3454 -
603 3421 644 3469 17.
664 3411 732 3488 κάν]
756 3417 809 3472 del.
828 3418 955 3475 Hultseh.
1034 3425 1075 3474 16.
1096 3426 1140 3476 λε-

128 3480 267 3554 γομένων]
286 3483 441 3552 Eberhard,
460 3483 620 3554 γενομένων
640 3487 720 3541 codd.
