2444 3892
498 172 725 228 FRAGMENTA.
1058 169 1135 235 107.

104 314 237 384 εάθεῖαι
266 318 304 382 αλ
324 322 390 383 AB
398 365 408 400 ,
427 319 506 401 ΗΓ,
530 320 610 397 ΖΑ,
630 318 697 381 ΒΓ
720 315 836 400 ἐφεξῆς
863 311 1033 399 ἀνάλογόν
1057 316 1123 381 εἰσι

107 423 176 506 [καὶ
201 419 258 490 διά
281 425 382 489 τοῦτο
407 425 509 508 ἔσται,
533 416 578 499 ῶς
600 416 621 507 ῆ
644 427 710 488 ΑΒ
733 417 817 508 πρὸς
838 417 901 505 τῆν
920 424 991 505 ΒΓ,
1017 416 1124 499 οὕτως

105 524 123 596 ὃ
148 524 213 596 ἀπὸ
238 531 296 615 τῆς
320 534 385 595 ΑΒ
409 525 512 613 κύβος
534 524 619 613 πρὸς
641 523 701 594 τὸν
725 522 790 593 ἀπὸ
813 529 873 612 τῆς
892 530 968 592 ΗΓ.
1005 528 1036 593 εί
1059 517 1122 593 οὖν

104 636 293 701 διπλασίων
316 631 496 719 ὑποτεθείη
520 629 541 718 ῆ
561 639 626 700 ΑΒ
650 635 708 718 τῆς
727 637 799 716 ΒΓ,
824 636 916 699 ἔσται
938 632 992 699 καὶ
1017 628 1120 700 ὁάπδ

102 741 163 826 τῆς
184 745 252 806 AB
274 736 379 825 κύβος
402 743 587 805 διπλασίων
610 740 671 804 τοῦ
694 733 759 805 ἀπὸ
783 740 842 823 τῆς
864 740 960 822 Hm.
1158 751 1175 800 5

359 935 484 1021 Opera
507 934 705 1018 analytica
729 936 866 998 cetera.

174 1061 226 1126 10.
250 1061 381 1145 Pappus
405 1058 484 1143 Vll,
511 1059 528 1123 1
552 1081 583 1142 p.
607 1058 685 1142 634,
709 1059 729 1124 8
754 1081 814 1143 sq.:

127 1258 129 1263 Ι
171 1170 359 1260 Γέγραπται
383 1172 420 1241 δέ
444 1172 502 1261 (sc.
524 1170 545 1257 ῆ
569 1169 633 1257 ὕλη
656 1173 718 1239 τοῦ
740 1167 976 1259 ἀναινομένου
998 1170 1121 1258 τόπου)

101 1277 169 1349 ὑπὸ
201 1284 306 1369 τριῶν
339 1277 492 1366 ἀνδρῶν,
525 1276 714 1346 Εὐκλείδου
746 1304 781 1345 τε
812 1281 873 1346 τοῶ
907 1280 1121 1365 στοιχειωτοῦ

102 1387 161 1454 καὶ
191 1385 417 1455 Ἀπολλωνίου
455 1396 517 1452 τοῦ
549 1389 722 1473 Περγαίου
753 1384 809 1451 καὶ
838 1381 1027 1473 Ἀρισταίου
1059 1387 1120 1452 τοῦ
1141 1396 1175 1445 10

102 1494 344 1583 πρεσβυτέρου,
366 1490 449 1559 κατὰ
474 1488 640 1559 ἀνάλυσιν
658 1490 714 1559 καὶ
734 1489 898 1559 σύνθεσιν
917 1495 1039 1578 έχουσα
1057 1493 1121 1578 τῆν

104 1604 241 1688 ἔφοδον.

169 1745 412 1810 Enumerantur
436 1743 558 1808 omnia:

172 1869 223 1933 11.
247 1868 378 1951 Pappus
401 1864 479 1952 VII,
503 1868 523 1932 3
546 1889 577 1950 p.
601 1866 679 1950 636,
704 1867 745 1932 18
769 1888 828 1949 sq.:

173 1983 249 2048 Τῶν
273 1978 311 2047 δὲ
333 1979 585 2066 προειρημένων
603 1981 663 2045 τοῦ
682 1973 916 2063 ἀναλυομένου
936 1983 1077 2065 βιβλίων
1096 1976 1117 2065 ῆ
1139 1996 1172 2045 15

100 2087 193 2167 τάξις
216 2087 307 2154 ἐστὶν
329 2083 481 2169 τοιαύτη·
505 2081 693 2150 Εὐκλείδου
717 2084 910 2169 δεδομένων
933 2089 1066 2170 βιβλίον
1085 2096 1119 2165 οἳ,

98 2192 369 2262 Ἀπολλωνίου
392 2189 515 2275 λόγου
538 2186 739 2275 ἀποτομῆς
757 2177 789 2276 β,
813 2194 962 2277 χωρίου
981 2187 1120 2258 ἀποτο-

101 2302 175 2386 μῆς
207 2285 243 2384 β,
277 2295 543 2382 διωρισμένης
574 2299 695 2382 τομῆς
724 2294 811 2381 δύο,
845 2296 1005 2381 ἐπαφῶν
1035 2294 1120 2381 δύο,

100 2401 291 2473 Εὐκλείδου
314 2402 530 2489 πορισμάτων
553 2407 638 2490 τρία,
658 2400 926 2470 Ἀπολλωνίου
943 2400 1120 2471 νεάσεων

101 2507 187 2595 δύο,
205 2511 277 2576 τοῦ
296 2506 418 2575 αὐτοῦ
437 2506 567 2577 τόπων
582 2509 779 2576 ἐπιπέδων
795 2511 876 2594 δύο,
895 2512 1075 2577 κωνικῶν
1088 2514 1119 2595 ῆ.
1138 2525 1174 2575 20

171 2705 296 2772 Deinde
320 2704 431 2769 ordine
456 2705 588 2790 singula
612 2708 839 2789 excerpuntur:

388 2844 443 2909 De
467 2847 641 2911 sectione
664 2847 840 2912 rationis,

172 2974 223 3038 12.
248 2969 377 3053 Pappus
400 2967 478 3052 VII,
502 2968 523 3033 5
545 2992 576 3054 p.
600 2970 679 3055 640,
701 2971 723 3035 4
749 2993 809 3057 sq.:

174 3081 240 3160 Τῆς
269 3068 301 3139 δ’
332 3069 534 3158 ἀποτομῆς
560 3075 630 3140 τοῦ
653 3072 777 3160 λόγου
800 3080 943 3161 βιβλίων
965 3073 1075 3143 ὄντων
1099 3061 1121 3161 β

99 3180 264 3269 πρότασίς
284 3179 374 3245 έστιν
392 3181 451 3261 μία
469 3174 730 3267 ὑποδιηρημένη,
754 3180 882 3248 διὸκαὶ
900 3186 981 3268 μίαν
999 3179 1120 3269 πρότα·
1139 3205 1174 3256 25

100 3307 161 3355 σιν
185 3283 292 3364 οὕτως
313 3280 447 3370 γράφω·
472 3280 528 3349 διά
550 3287 612 3350 τοῦ
637 3287 798 3364 δοθέντος
822 3291 962 3373 σημείου
980 3284 1121 3356 εὐθεῖαν

100 3390 262 3481 γραμμῆν
285 3388 425 3476 ἀγαγεῖν
447 3389 635 3475 τέμνουσαν
659 3386 724 3458 ἀπὸ
747 3395 815 3459 τῶν
836 3395 876 3480 τῆ
894 3393 990 3462 θέσει
1009 3398 1122 3463 δοθει-

102 3501 175 3565 σῶν
196 3495 258 3564 δάο
280 3493 424 3563 εὐθειῶν
442 3492 525 3582 πρὸς
543 3508 612 3574 τοῖς
631 3491 681 3562 ἐπ’
698 3493 810 3566 αὐτῶν
826 3500 957 3568 δοθεῖσι
974 3509 1122 3590 σημείοις
