2444 3892
129 131 196 195 298
412 123 674 180 οοωαωωτεωιε
691 120 861 187 mmm.

130 277 189 359 τῆς
202 274 307 358 τομῆς
320 268 377 336 καὶ
387 271 435 346 είς
445 270 583 335 ἔλαττον
597 262 763 351 διάστημα
777 261 902 342 παντὸς
911 263 974 329 τοῦ
984 261 1145 340 δοθέντος

131 377 370 465 ἀφικνοῦνται,
394 377 431 441 αί
449 372 486 441 δὲ
505 376 611 439 ΕΖΗ
629 369 712 439 κατὰ
731 368 793 457 μὲν
812 373 849 437 τὸ
869 376 896 435 Ζ
914 369 971 436 καὶ
990 367 1033 436 τὰ
1053 370 1146 455 ἐγγὺς

133 485 239 553 αὐτοῦ
259 483 353 561 έντὸς
373 479 455 549 ὄντα
473 483 532 566 τῆς
550 481 675 564 γωνίας
693 473 859 562 σύνεγγύς
878 479 943 544 είσι
961 479 1023 562 τῆς
1036 478 1147 562 τομῆς,

132 593 348 675 ἐκβληθείσαι
367 587 405 655 δὲ
427 583 628 672 ἀφίστανται
649 587 708 669 τῆς
728 585 832 669 τομῆς
855 585 998 669 μᾶλλον·
1026 585 1148 660 παντὸς

96 712 113 761 5
132 695 196 784 γὰρ
219 700 282 765 τοῦ
301 694 474 778 δοθέντος,
500 688 517 760 δ
537 702 604 759 νῦν
621 687 860 775 ἀφεστήκασιν,
884 692 975 758 ἔστιν
996 693 1147 758 έίασσον.

197 1627 346 1689 ἔστωσαν
366 1621 409 1706 δὴ
422 1620 535 1706 πάλιν,
555 1624 599 1700 ὡς
613 1621 666 1689 ἐπὶ
680 1632 739 1709 τῆς
752 1621 907 1711 τετάρτης
920 1629 1145 1712 καταγραφῆς,

130 1725 342 1812 ἀσύμπτωτοι
370 1727 407 1792 αί
428 1732 501 1812 ΕΖ,
522 1734 601 1794 ΖΗ·
630 1727 782 1815 φανερὸν
807 1729 848 1816 δὴ
872 1730 927 1797 καὶ
953 1727 1071 1819 οὕτως,
1096 1730 1145 1800 ὅτι

129 1830 149 1920 ῆ
174 1832 235 1919 μὲν
259 1838 323 1899 ΓΑ
347 1831 461 1919 ἔγγιόν
486 1836 555 1902 ἐστι
578 1839 636 1919 τῆς
659 1838 761 1922 τομῆς
782 1832 867 1923 ῆπερ
890 1835 911 1922 ῆ
932 1842 1008 1922 ΕΖ,
1032 1837 1094 1906 έάν
1112 1865 1144 1905 τε

128 1938 149 2026 ῆ
164 1947 226 2007 ΕΖ
240 1943 278 2027 τῆ
291 1945 356 2006 ΓΑ
369 1939 581 2028 παράλληλός
597 1944 697 2028 ἐστιν,
713 1941 773 2009 ἑάν
787 1969 822 2009 τε
837 1947 1006 2031 συμπίπτῃ
1021 1949 1061 2033 τῆ
1074 1951 1144 2013 ΓΑ.

76 2064 110 2112 10
129 2048 185 2114 καὶ
209 2047 268 2115 έάν
292 2048 353 2134 μὲν
377 2045 398 2134 ῆ
424 2048 614 2134 σύμπτωσις
637 2046 807 2132 ἀνώτερον
831 2041 852 2137 ῆ
874 2053 932 2136 τῆς
956 2049 1013 2117 διὰ
1036 2056 1099 2120 τοῦ
1119 2060 1144 2120 Ζ

129 2156 360 2242 ἐφαπτομένης
382 2160 441 2241 τῆς
464 2160 582 2243 τομῆς,
609 2157 720 2241 τέμνει
743 2154 805 2242 τῆν
829 2155 949 2243 τομῆν,
979 2155 1040 2226 ίάν
1064 2156 1143 2245 δὲῆ

128 2261 319 2347 σύμπτωσις
347 2264 383 2328 ἐν
407 2265 452 2351 τῷ
472 2258 593 2346 μεταξὺ
615 2261 705 2351 τόπῳ
729 2254 750 2350 ᾗ
774 2267 832 2348 τῆς
854 2289 889 2330 τε
913 2266 1144 2352 ἐφαπτομένης

127 2369 182 2433 καὶ
205 2372 422 2453 τῆςγωνίας,
452 2365 562 2451 ὥσπερ
585 2366 641 2431 καὶ
664 2363 685 2452 ῆ
711 2375 793 2453 ΖΗ,
820 2366 966 2436 κατὰτὰ
991 2368 1077 2439 αὐτὰ
1100 2376 1142 2463 τῷ

130 2476 241 2542 ἑποίνω
266 2471 287 2560 ῆ
311 2481 382 2541 ΘΗ
396 2477 454 2559 τῆς
476 2475 578 2558 τομῆς
602 2469 664 2540 οὐκ
683 2470 796 2559 ἀφέξει
816 2481 958 2543 ἔλασσον
978 2477 1143 2565 διάστημα

75 2596 108 2644 15
127 2583 250 2658 παντὸς
282 2585 343 2648 τοῦ
376 2580 552 2656 δοθέντος·
586 2577 670 2646 ὥστε
701 2576 722 2664 ῆ
751 2587 816 2648 ΓΑ
848 2582 961 2668 έγγιόν
990 2585 1060 2651 ἐστι
1088 2589 1144 2671 τῆς

127 2690 240 2772 τομῆς,
265 2685 347 2772 ῆπερ
372 2683 392 2771 ῆ
413 2692 476 2752 ΕΖ
499 2686 599 2752 ἐστιν.
639 2681 660 2771 ῆ
686 2684 723 2752 δὲ
742 2696 812 2753 ΔΑ
831 2693 944 2775 ἔγγιον
963 2692 1022 2775 τῆς
1040 2703 1143 2778 τομῆς

125 2790 209 2875 ῆπερ
237 2788 257 2877 ῆ
284 2799 351 2858 ΖΗ
377 2791 433 2857 διά
462 2790 501 2857 τὰ
530 2788 613 2858 αὐτὰ
642 2806 712 2872 τοϊς
741 2795 793 2860 ἐπὶ
820 2805 880 2879 τῆς
906 2801 1018 2880 τρίτης
1046 2824 1142 2867 πατα-

125 2908 264 2983 νεανῆο

192 3000 243 3068 ὅτι
276 3003 313 3070 δὲ
345 3000 365 3088 ῆ
400 3000 555 3089 ἀνωτέρω
588 3009 646 3092 τῆς
680 3004 735 3072 διὰ
768 3016 830 3073 τοῦ
859 3014 885 3072 Ζ
913 3010 1144 3096 ἐφαπτομένης

196 3143 228 3196 In
256 3143 302 3213 fig.
328 3150 342 3196 1
373 3151 397 3198 Δ
427 3147 456 3198 et
485 3150 514 3198 H
540 3165 593 3204 om.
620 3147 668 3213 W3
708 3145 823 3202 additae
853 3152 918 3202 sunt
947 3149 1020 3205 duae
1049 3156 1143 3208 rectae

123 3215 207 3269 rectis
227 3217 286 3283 EZ,
302 3220 358 3269 ΖΗ
376 3214 542 3285 parallelae.

196 3284 504 3356 Infig.2Eom.,W
524 3290 706 3357 prloab.
728 3292 763 3344 Π.

197 3421 221 3468 2
248 3411 297 3484 δέ]
321 3433 375 3481 γαρ
394 3411 469 3498 Wp
497 3429 566 3468 corr.
586 3413 688 3484 Halley
712 3432 774 3470 cum
800 3414 907 3469 Comm.
999 3417 1034 3472 τὰ
1060 3413 1143 3488 ε’γγὺς

124 3479 226 3556 αὐτον]
247 3484 353 3553 scripsi,
373 3503 404 3538 το
421 3503 504 3553 εγγνς
519 3504 614 3539 αντων
634 3487 702 3556 Wp
771 3493 796 3540 3
818 3485 950 3542 elowW.
1016 3495 1040 3544 b.
1063 3489 1142 3546 ἔλατ·
