2444 3892
157 127 219 191 112
547 126 776 180 FRAGMENTA.

220 271 344 336 Eadem
368 270 547 354 propositio
570 270 772 356 nignifioassur
790 291 810 334 a
827 267 941 353 Poppo
963 266 1045 354 VII,
1069 271 1134 336 143
1151 294 1179 356 p.

154 379 232 456 802,
262 379 295 442 8:
329 376 366 441 ἐν
398 373 464 463 γάρ
496 377 537 463 τῇ
570 375 776 465 διωρισμένη
804 372 974 441 δέδεικται
1003 379 1123 461 μεῖζον
1151 384 1178 442 et

153 482 232 567 VII,
263 483 326 547 144
353 505 384 566 p.
414 484 492 567 804,
522 485 577 549 13:
610 483 647 549 ἐν
680 480 718 548 δὲ
748 483 789 568 τη
823 480 1035 570 διωρισμένη
1071 486 1177 569 μεῖζον

155 594 245 656 ἔσται
268 588 305 655 τὸ
330 584 395 655 ύπδ
421 593 521 655 ΘΗΚ
540 589 602 655 τού
625 583 692 654 ύπὸ
716 592 827 654 ΘΤΧ.

119 770 134 817 5
502 749 555 813 Do
578 749 829 814 tactionibus.

224 877 273 940 18.
305 875 436 959 Pappus
460 872 540 960 VII,
564 876 604 940 11
630 898 660 959 p.
685 873 764 959 644,
787 873 831 939 23
854 894 915 957 sq.:

217 976 311 1065 Ἑξῆς
340 979 377 1046 δὲ
404 978 535 1058 τούτοις
562 988 641 1046 τῶν
665 980 825 1064 ἐπαφῶν
849 978 940 1045 ἐστιν
964 981 1085 1063 βιβλία
1108 975 1174 1046 δύο.

154 1085 332 1172 προτάσεις
356 1083 393 1152 δὲ
416 1086 453 1152 ἐν
478 1083 593 1164 αὐτοῖς
616 1088 776 1152 δοκούσιν
800 1080 889 1151 εἶναι
905 1086 1074 1170 πλείονες,
1096 1079 1173 1151 ἀλλά

154 1193 209 1258 καὶ
229 1191 358 1261 τούτων
377 1196 458 1278 μίαν
472 1196 610 1278 τίθεμεν
630 1188 737 1271 οὕτως
755 1194 898 1277 έχονσαν
918 1189 1007 1276 ἑξῆς·
1029 1195 1173 1278 σημείων

104 1315 136 1363 10
155 1298 210 1364 καὶ
238 1295 384 1366 εὐθειῶν
411 1299 467 1365 καὶ
494 1297 626 1366 κύκλων
653 1300 758 1387 τριῶν
782 1293 975 1364 ὁποιωνοῦν
997 1297 1098 1365 θέσει
1122 1300 1173 1364 δο-

156 1405 289 1472 θέντων
308 1403 434 1472 κύκλον
453 1402 591 1491 ἀγαγεῖν
611 1401 655 1471 δι’
677 1401 818 1472 ἑκάστου
835 1405 904 1471 τῶν
923 1405 1102 1472 δοθέντων
1121 1422 1173 1489 ση-

155 1515 270 1597 μείων,
289 1515 320 1577 εί
334 1513 465 1597 δοθείη,
484 1506 505 1597 ἢ
521 1509 753 1598 ἐφαπτόμενον
768 1507 906 1597 ἑκάστης
919 1511 989 1578 τῶν
1005 1512 1173 1578 δοθεισῶν

154 1619 326 1702 γραμμῶν.
372 1614 495 1702 ταύτης
523 1616 578 1685 διά
606 1615 721 1704 πλήθη
744 1619 812 1684 τῶν
837 1618 877 1684 ἐν
896 1627 968 1696 ταῖς
990 1611 1173 1684 ὑποθέσεσι

156 1722 349 1808 δεδομένων
373 1719 501 1809 ὁμοίων
525 1719 546 1810 ἢ
570 1720 740 1811 ἀνομοίων
762 1721 845 1791 κατά
867 1723 968 1810 μέρος
986 1721 1173 1810 διαφόρους

104 1842 136 1892 15
155 1827 332 1917 προτάσεις
364 1827 551 1916 ἀναγκαῖον
583 1836 742 1917 γίνεσθαι
774 1831 868 1898 δέκα·
902 1831 937 1896 ἐκ
968 1831 1041 1897 τῶν
1073 1833 1173 1917 τριῶν

154 1936 219 2022 γὰρ
244 1933 417 2023 ἀνομοίων
437 1940 547 2024 γενῶν
569 1935 702 2022 τριάδες
726 1936 885 2024 διάφοροι
903 1933 1042 2004 ἀτακτοι
1063 1942 1173 2023 γίνον-

154 2069 209 2109 ται
236 2048 262 2113 ῖ.
307 2041 382 2129 ἤτοι
414 2045 479 2132 γὰρ
511 2042 552 2112 τά
586 2043 748 2131 διδόμενα
779 2047 854 2129 τρία
886 2054 1008 2129 σημεῖα
1039 2038 1060 2129 ἢ
1088 2056 1175 2131 τρεῖς

156 2148 287 2216 εύθεῖαι
314 2146 335 2236 ἢ
365 2150 427 2218 δύο
456 2164 572 2238 σημεῖα
598 2151 655 2217 καὶ
683 2149 800 2217 εύθεῖα
827 2144 848 2236 ἢ
875 2146 937 2215 δύο
962 2145 1097 2217 εύθεῖαι
1120 2148 1174 2217 καὶ

156 2269 294 2341 σημεῖον
321 2252 342 2342 ἢ
372 2255 435 2324 δύο
464 2270 582 2343 σημεῖα
607 2256 662 2322 καί
689 2255 811 2336 κύκλος
837 2251 859 2343 ἢ
887 2252 951 2322 δύο
977 2253 1099 2324 κύκλοι
1121 2256 1174 2323 καὶ

102 2375 136 2422 20
156 2375 293 2448 σημεῖον
322 2359 342 2448 ἢ
373 2363 435 2431 δύο
464 2361 596 2431 εὐθεῖαι
623 2362 678 2430 καὶ
701 2362 823 2442 κύκλος
845 2357 866 2449 ἢ
890 2360 953 2430 δύο
975 2359 1098 2431 κύκλοι
1120 2362 1174 2431 καὶ

156 2468 273 2535 εὐθεῖα
292 2467 313 2555 ἢ
333 2483 473 2557 σημεῖον
487 2470 542 2537 καὶ
557 2467 674 2536 εὐθεῖα
688 2469 744 2537 καὶ
765 2468 887 2549 κύκλος
904 2464 925 2556 ἢ
944 2481 1036 2557 τρεῖς
1047 2467 1172 2538 κύκλοι.

155 2574 285 2642 τούτων
310 2576 372 2644 δύο
396 2576 457 2664 μέν
479 2574 519 2643 τὰ
543 2580 656 2663 πρῶτα
680 2577 844 2644 δέδεικται
868 2578 905 2644 έν
927 2579 974 2666 τῷ
999 2575 1035 2642 δ’
1053 2581 1171 2667 βιβλίῳ

155 2685 222 2749 τῶν
241 2681 382 2770 πρῶτων
402 2688 586 2769 στοιχείων,
606 2681 660 2751 διὸ
679 2688 789 2770 παρίει
809 2687 853 2770 μη
873 2683 1029 2770 γράφων·
1052 2682 1091 2752 τὸ
1112 2682 1171 2771 μὲν

155 2788 219 2877 γὰρ
247 2800 349 2877 τριῶν
379 2790 553 2858 δοθέντων
582 2794 728 2877 σημείων
754 2792 798 2876 μὴ
823 2785 872 2857 ἐπ’
903 2785 1040 2870 εύθείας
1063 2787 1171 2859 ὄντων

103 2912 135 2959 25
155 2896 192 2962 τὸ
225 2893 308 2964 αύτύ
341 2897 431 2963 ἐστιν
463 2899 509 2988 τῶ
542 2897 617 2981 περὶ
649 2894 686 2965 τὸ
718 2895 823 2963 δοθεν
850 2900 1018 2982 τρίγωνον
1046 2895 1172 2965 κύκλον

156 2999 373 3087 περιγράψαι,
400 2998 438 3068 τὸ
464 3000 542 3068 δὲ
524 3028 544 3086 γ
573 3005 742 3070 δοθεισῶν
766 2998 911 3068 εὐθειῶν
935 3005 979 3088 μη
1003 3001 1172 3089 παραλλή-

227 3186 252 3233 9
277 3177 409 3249 ἔχουσαν·
431 3175 495 3247 εξῆς
517 3178 687 3267 Hultsch(„
691 3176 916 3248 o‘fpsscabundare
935 3177 1066 3234 εἰδικοῦ*
1087 3180 1170 3249 adm)

194 3255 234 3303 12.
254 3247 284 3320 ἥ]
291 3201 410 3306 χεδδίάί.
484 3256 526 3304 17.
548 3248 598 3322 τά]
616 3251 670 3306 del.
688 3250 816 3306 Hultsoh.
891 3247 1039 3337 δεδομένα
1050 3249 1173 3306 Hultoch

156 3335 219 3371 oum
238 3321 311 3375 aliis
402 3327 444 3378 23.
465 3318 510 3376 διδ
538 3323 635 3390 παρίει
662 3320 699 3409 μὴ
724 3321 855 3392 γράφων]
885 3319 995 3392 scripsi,
1025 3316 1171 3393 ὁπερημεκ

155 3385 274 3458 γράφων
299 3393 392 3463 codo,
420 3414 435 3449 ο
459 3398 597 3463 παρειμεν
625 3391 749 3462 γράφειν
777 3393 899 3447 Hultsoh
924 3393 989 3462 (sed
1011 3394 1171 3450 neeessario

154 3459 334 3532 Apollonius,
354 3435 410 3520 νύν
429 3466 550 3537 Poppae,
569 3465 620 3520 hos
639 3465 709 3519 duos
729 3480 809 3520 casus
829 3461 941 3533 omisit).
