2452 3900
163 124 207 189 62
563 123 731 178 Καατααα
750 120 788 177 ε’.

161 264 217 334 διὰ
237 264 299 352 τὴν
317 270 422 332 ΑΒΓ
439 262 631 353 ὑπερβολὴν
656 261 736 333 οὐδὲ
754 267 794 354 τῇ
814 272 847 332 E
868 261 1081 355 ἀντικειμένῃ
1103 283 1185 355 σνμ-

159 375 279 439 πίπτει.
332 368 412 438 οὐδὲ
437 367 456 457 ἡ
481 378 512 438 Ε
533 367 599 457 ἀρα
622 381 661 460 τῇ
688 377 715 437 Ζ
738 383 962 458 συμπεσεῖται.

638 598 706 687 νβ’·

224 729 303 800 ’Βάν
321 729 489 822 ὑπερβολὴ
506 732 644 824 ἑκατέρᾳ
657 743 726 802 τῶν
744 730 984 820 ἀντικειμένων
999 739 1181 824 συμπίπτῃ,

124 834 180 925 εὴ
209 835 419 926 ἀντικειμένη
448 836 533 929 αὐτῇ
560 837 720 930 οὐδετέρᾳ
743 843 811 908 τάν
834 836 1075 928 ἀντικειμένων
1099 863 1182 930 συμ-

159 958 306 1013 πεσεῖται
329 944 413 1012 κατά
437 943 500 1012 δύο
524 958 653 1032 σημεῖα.

227 1057 376 1120 ἔστωσαν
403 1049 627 1138 ἀντικείμεναι
651 1053 689 1118 αἱ
709 1060 749 1140 A,
768 1059 813 1139 Β,
836 1052 893 1120 καὶ
916 1049 936 1139 ἡ
961 1058 1059 1121 ΑΓΒ
1082 1053 1180 1143 ὑπερ·

158 1157 242 1244 βολὴ
276 1158 486 1245 συμπιπτέτω
523 1158 660 1248 ἑκατέρᾳ
692 1161 760 1226 τῶν
793 1167 842 1246 A,
870 1165 898 1225 Β
931 1155 1181 1247 ἀντικειμένων.

158 1265 260 1350 λέγω,
290 1262 341 1332 ὅτι
364 1262 385 1351 ἡ
413 1267 453 1352 τῇ
478 1269 575 1331 ΑΓΒ
599 1260 811 1352 ἀντικειμένη
836 1262 878 1333 οὐ
902 1263 1086 1352 σνμβάλλει
1109 1280 1183 1347 ταῖς

108 1389 141 1439 10
160 1380 203 1457 A,
226 1378 255 1437 Β
277 1384 395 1458 τομαῖς
417 1368 500 1437 κατὰ
524 1369 587 1438 δύο
612 1382 741 1457 σημεῖα.

227 1483 258 1545 ελ
283 1475 346 1564 γὰρ
376 1476 539 1563 δυνατόν,
568 1477 783 1564 συμβαλλέτω
812 1478 895 1545 κατὰ
918 1475 959 1544 τὰ
983 1487 1031 1564 A,
1051 1486 1097 1564 E,
1124 1481 1181 1546 καὶ

159 1585 389 1670 ἐπιζευχθεῖσα
421 1580 442 1670 ἡ
477 1591 548 1650 ΑΒ
578 1582 803 1670 ἐκβεβλήσθω.
856 1582 912 1651 διὰ
946 1582 1008 1670 μὲν
1041 1583 1084 1671 δὴ
1116 1584 1180 1673 τὴν

158 1696 229 1756 ΑΒ
247 1687 353 1776 τομὴν
378 1687 418 1757 οὐ
437 1703 651 1776 συμπεσεῖται
670 1687 691 1776 ἡ
712 1697 745 1756 A
751 1698 783 1757 E
799 1686 919 1757 εὐθεῖα
936 1701 976 1779 τῇ
994 1699 1064 1758 ΑΒ
1082 1695 1180 1782 τομῇ,

159 1795 216 1864 διά
240 1796 278 1864 δὲ
300 1797 363 1882 τὴν
388 1803 491 1863 AEA
514 1796 556 1864 οὐ
580 1809 795 1883 συμπεσεῖται
817 1800 857 1885 τῇ
881 1803 924 1862 Β·
949 1795 1005 1863 διά
1024 1795 1089 1886 γὰρ
1107 1802 1178 1867 τοῖν

107 1918 140 1968 15
158 1906 261 1992 τριῶν
290 1901 403 1971 τόπων
432 1903 614 1971 ἐλεύσεται·
645 1901 725 1990 ὅπερ
753 1899 932 1972 ἀδύνατον.
984 1900 1109 1989 ὁμοίως
1136 1902 1179 1992 δὴ

32 2022 35 2027 ’
47 2074 56 2107 ,
159 2009 387 2097 δειχθήσεται,
420 2007 472 2078 ὅτι
505 2006 586 2078 οὐδὲ
617 2013 657 2098 τῇ
685 2016 714 2075 Β
743 2019 827 2096 τομῇ
856 2007 938 2075 κατὰ
968 2012 1030 2076 δύο
1058 2023 1180 2097 σημεῖα

45 2133 59 2209 ξ
158 2130 382 2202 συμπεσεῖται.

226 2223 282 2290 διὰ
315 2218 356 2287 τὰ
384 2219 469 2289 αὐτὰ
499 2223 541 2308 δὴ
572 2217 652 2289 οὐδὲ
680 2220 843 2307 ἐφάψεται
873 2222 1029 2306 ἑκατέρας
1055 2219 1179 2290 αὐτῶν.

157 2325 341 2412 ἀγαγόντες
372 2330 437 2415 γὰρ
468 2325 701 2407 ἑπιυαάουσαν
726 2326 788 2414 τὴν
817 2334 882 2395 ΘΕ
907 2324 1087 2413 ἐφάπτεται
1114 2327 1179 2415 μὲν

104 2453 138 2501 20
158 2431 241 2520 αὕτη
266 2435 420 2522 ἑκατέρας
443 2436 511 2501 τῶν
533 2437 659 2520 τομῶν·
684 2430 768 2502 ὥστε
793 2431 850 2501 διὰ
873 2433 935 2520 μὲν
958 2431 1019 2519 τὴν
1042 2439 1114 2501 ΔΕ
1135 2433 1178 2503 οὐ

157 2555 371 2627 συμπεσεῖται
404 2545 444 2630 τῇ
472 2547 553 2626 ΑΓ,
588 2539 644 2607 διὰ
672 2539 710 2608 δὲ
737 2538 800 2627 τὴν
827 2547 896 2607 ΑΒ
923 2536 963 2607 οὐ
992 2539 1179 2626 συμβάλλει

155 2649 197 2734 τῇ
218 2655 255 2716 Β.
303 2645 386 2715 ὥστε
415 2644 495 2715 οὐδὲ
522 2643 542 2732 ἡ
567 2653 635 2714 ΑΓ
659 2650 698 2734 τῇ
723 2652 751 2712 Β
779 2645 975 2734 συμβάλλει·
1004 2641 1086 2732 ὅπερ
1115 2643 1178 2734 οὐχ

156 2777 336 2821 υποκειται.

635 2892 702 2979 ον’·

101 3053 135 3103 25
219 3025 298 3096 Ἐὰν
326 3024 494 3112 ὑπερβολὴ
525 3026 684 3115 ἑκατέραν
711 3028 779 3094 τῶν
808 3022 1048 3113 ἀντικειμένων
1072 3026 1178 3116 τέμνῃ

154 3132 237 3202 κατὰ
261 3132 323 3200 δύο
343 3144 464 3219 σημεῖα
483 3130 754 3221 ἀντεστραμμένα
774 3137 896 3220 ἔχουσα
915 3131 997 3221 πρὸς
1015 3132 1177 3222 ἑκατέραν

227 3333 252 3383 2.
272 3329 305 3397 Z]
324 3347 352 3398 p,
373 3346 426 3384 om.
443 3328 575 3384 lacuna8
594 3329 650 3384 litt.
665 3328 766 3385 relicta
785 3328 817 3385 V.
891 3334 915 3385 9.
935 3328 1027 3399 ΑΓΒ]
1049 3344 1118 3383 corr.
1139 3344 1174 3383 ex

154 3405 204 3455 AB
219 3407 319 3469 m.1p,
339 3406 388 3455 AB
403 3401 436 3457 V.
494 3405 536 3454 11.
552 3400 601 3471 τά]
616 3417 664 3470 cp,
683 3399 781 3457 om.V.
838 3399 1175 3471 13.AE(pr.)]cvpet

154 3475 279 3546 renouat.
290 3490 327 3528 m.
338 3489 392 3528 rec.
403 3473 437 3530 V.
494 3477 535 3528 19.
557 3469 620 3544 μέν]
636 3471 806 3527 delendum?
861 3476 905 3526 20.
925 3467 1011 3542 αὕτη]
1026 3467 1099 3541 αὐτή
1114 3470 1173 3540 Vp.
