2444 3892
418 166 633 220 coruconuu
649 169 759 221 runnu
776 169 823 223 1v.
1083 168 1127 234 55

114 309 277 394 tingentes
305 330 371 375 non
400 314 606 394 concurrent3
638 331 737 394 quare
766 313 942 396 parallelae
969 317 1060 401 sunt,
1093 318 1127 380 et

111 415 186 480 ideo
214 420 279 480 AB
308 415 485 481 diametrus
515 419 566 482 est
594 415 654 502 [11,
677 415 744 499 27].
791 438 867 503 ergo
894 441 952 505 per
977 424 1126 488 centrum

112 521 213 608 cadit3
241 522 326 607 quod
351 526 422 587 erat
446 523 742 589 demonstrandum.

552 733 686 799 XXXV.

180 852 262 921 Ooni
295 859 397 923 sectio
429 859 483 923 uel
516 880 608 924 arcus
641 859 754 924 circuli
783 881 855 924 oum
883 862 955 926 coni
982 865 1125 930 sectione

112 960 165 1025 uel
201 983 277 1056 arcu
310 963 422 1028 circuli
452 986 519 1028 non
551 969 719 1031 concurret
750 967 785 1030 iu
816 966 965 1051 pluribus
996 971 1126 1053 punctis

111 1086 211 1149 quam
228 1067 263 1130 in
282 1068 405 1134 duobus
425 1091 568 1136 connexa
586 1071 626 1136 ad
645 1071 772 1136 eusdem
786 1077 897 1157 portes
912 1096 979 1139 non
992 1073 1125 1142 habens.

177 1192 253 1236 num
273 1174 301 1237 si
319 1175 389 1239 fieri
402 1180 519 1261 potest,
534 1178 607 1243 coni
621 1178 721 1243 sectio
736 1179 789 1244 uel
801 1201 894 1245 arcus
907 1181 1017 1246 circuli
1026 1184 1131 1247 ΑΒΓ

108 1298 184 1341 cum
207 1279 280 1343 coni
304 1282 445 1348 sectione
464 1285 515 1348 uel
536 1306 612 1350 arcu
630 1285 742 1350 circuli
761 1290 832 1350 ΑΛ
839 1289 940 1350 ΒΕΓ
953 1292 1126 1353 concurrat

282 1421 317 1470 Α
372 1389 406 1452 in
415 1390 561 1473 pluribus
571 1391 700 1474 punctis
711 1413 807 1475 quum
817 1393 851 1456 in
862 1392 988 1459 duobus
998 1401 1038 1480 A,
1048 1398 1129 1480 B,I'

372 1516 516 1560 conuexa
535 1496 575 1560 ad
594 1497 722 1562 easdem
740 1502 852 1582 partes
871 1520 938 1564 non
956 1500 1090 1567 habens.

267 1601 299 1650 A
438 1604 471 1665 et
504 1604 657 1686 quoniam
684 1604 718 1668 in
746 1604 832 1669 linea
859 1609 963 1670 ΑΒΓ
990 1612 1122 1692 sumpta

372 1709 448 1770 sunt
466 1707 530 1772 triu
548 1713 669 1793 puncta
688 1715 728 1795 A,
746 1715 785 1795 B,
803 1714 835 1776 Γ
855 1715 887 1776 et
911 1711 1025 1779 ductae
1044 1720 1077 1779 A
1082 1720 1121 1801 B,

370 1816 442 1898 BP,
464 1814 525 1879 hae
545 1814 586 1879 ad
605 1816 733 1879 easdem
752 1820 871 1899 partes,
890 1818 931 1882 ad
946 1841 1025 1902 quas
1044 1825 1121 1885 suut

370 1939 513 1984 concaua
536 1920 641 1984 lineae
666 1923 773 2003 ΑΒΓ,
797 1923 952 2006 angulum
975 1945 1120 2007 compro-

369 2024 525 2091 hendunt.
561 2025 627 2088 iam
652 2023 764 2088 eadem
787 2023 825 2088 de
849 2045 946 2091 causa
963 2033 1039 2112 ΑΒ,
1058 2033 1124 2094 ΒΓ

264 2097 300 2144 Γ
370 2131 507 2196 eundem
527 2129 682 2214 angulum
701 2130 978 2214 comprehendunt
996 2134 1037 2198 ad
1051 2155 1119 2200 eas·

102 2237 178 2300 dem
205 2240 329 2321 partes,
357 2235 397 2301 ad
426 2258 506 2320 quas
536 2241 613 2301 sunt
640 2258 783 2301 concaua
810 2236 914 2302 lineae
936 2243 1119 2307 AABEF.

103 2344 215 2428 itaque
234 2343 347 2429 lineae,
368 2364 448 2427 quas
469 2342 617 2427 diximus,
641 2364 782 2408 concaua
802 2342 842 2407 ad
861 2343 990 2409 easdem
1008 2351 1119 2431 partes

102 2448 228 2515 hubent
254 2454 286 2514 et
309 2449 379 2515 ideo
404 2449 503 2514 etium
526 2471 684 2533 conuexa3
712 2448 797 2532 quod
820 2449 889 2514 fieri
911 2473 978 2515 non
1000 2457 1119 2536 potest.

536 2659 687 2726 XXXVI.

170 2783 205 2850 Si
239 2786 311 2851 coni
344 2787 445 2852 sectio
478 2786 532 2850 uel
565 2808 657 2851 arcus
691 2786 801 2851 circuli
831 2808 903 2851 cum
932 2786 1035 2851 altera
1063 2808 1118 2871 op·

101 2893 284 2977 positurum
308 2892 341 2956 in
365 2891 490 2958 duobus
513 2893 643 2976 punctis
662 2894 833 2978 concurrit,
857 2896 889 2957 et
907 2892 1013 2956 lineae
1032 2893 1118 2958 inter

100 3002 223 3082 puncta
255 3020 428 3064 concursus
456 3000 583 3083 positae
612 2999 651 3065 ud
680 2999 807 3064 easdem
835 3002 946 3084 partes
974 3019 1118 3065 concaua

101 3104 235 3189 hubent,
253 3105 342 3169 linea
355 3127 412 3189 per
426 3108 548 3188 puncta
562 3126 738 3171 concursus
751 3104 909 3190 products
925 3127 997 3170 oum
1012 3105 1117 3171 altera

99 3211 325 3295 oppositarum
349 3233 415 3276 non
439 3216 616 3277 concurret.

99 3444 168 3492 ml
188 3438 221 3493 V.
279 3445 320 3495 15.
340 3438 585 3509 AB‚BPHulley
605 3457 668 3495 cum
686 3439 788 3496 Meno.
852 3445 893 3494 18.
913 3433 984 3512 ἅμα]
1004 3441 1113 3512 scripsi,

99 3505 173 3563 ἄλλά
192 3509 226 3565 V.
299 3516 341 3565 24.
363 3508 459 3582 ἔχωσι]
478 3529 506 3580 p,
527 3508 621 3580 ἔχουσι
639 3510 672 3566 V.
