2444 3892
147 169 209 233 138
538 170 766 223 FRAGMENTA.

145 420 203 502 τῆς
236 413 397 501 ἀπογείου
429 423 655 505 περιφερείας,
687 416 743 483 καὶ
772 417 895 503 διαχθῇ
923 441 973 495 τις
1005 414 1072 483 ἀπὸ
1100 429 1162 503 της

145 520 252 647 ὄφεως
285 519 379 607 ἡμῶν
412 525 528 590 εὐθεῖα
556 523 724 608 τέμνουσα
755 520 815 589 τὸν
844 522 1022 589 ἐπίκυκλον
1052 519 1162 602 οὕτως

146 624 229 694 ὥστε
260 632 321 695 τοῦ
354 628 679 715 ἀπολαμβανομένου
709 625 826 757 ριάτης
844 629 881 695 ἐν
912 631 958 718 τῷ
992 626 1159 718 ἐπικύκλῳ

109 750 125 796 5
145 733 313 820 τμήματος
331 733 394 820 τὴν
412 731 568 861 ἡμίσειαν
586 731 668 821 πρὸς
686 731 748 820 τὴν
766 731 831 800 ἀπὸ
850 743 910 819 τῆς
929 731 1037 814 ὄψεως
1060 731 1160 821 ἡμῶν

145 840 241 926 μέχρι
272 845 330 926 τῆς
365 837 448 908 κατὰ
479 841 517 908 τὸ
550 845 719 924 περίνειον
749 842 811 908 τοῦ
843 838 1023 907 ἐπικύκλων
1053 845 1161 927 τομῆς

145 945 248 1033 λόγον
268 952 367 1034 ἔχειν,
391 943 431 1014 δν
450 948 487 1013 τὸ
506 945 606 1033 τάχος
623 950 684 1014 τοῦ
704 945 882 1014 ἐπικύκλου
901 946 984 1030 πρὸς
998 946 1037 1014 τδ
1057 945 1160 1033 τάχος

144 1056 205 1120 τοῦ
237 1050 390 1139 ἀστέρος,
422 1056 459 1118 τὸ
487 1051 668 1139 γινόμενον
697 1065 835 1139 σημεῖον
864 1048 929 1118 ὑπὸ
962 1054 1021 1137 τῆς
1049 1053 1159 1132 οὕτως

147 1163 340 1247 διαχθείσης
368 1155 502 1237 εὐθείας
529 1160 612 1244 πρὸς
634 1162 673 1244 τῇ
697 1162 851 1248 περιγείῳ
875 1162 1070 1247 περιφερείᾳ
1097 1163 1159 1226 τοῦ

92 1280 125 1329 10
147 1265 324 1332 ἐπικύκλου
348 1268 483 1352 διορίζει
506 1261 565 1341 τάς
587 1289 622 1329 τε
644 1259 835 1344 ὑπολείψεις
857 1263 913 1329 καλ
935 1261 994 1342 τὰς
1012 1263 1158 1351 προηγή-

145 1390 227 1455 σεις,
256 1368 340 1438 ὥστε
367 1367 438 1437 κατ’
465 1366 569 1437 αὐτοῦ
595 1367 776 1455 γινόμενον
803 1372 863 1435 τὸν
886 1366 1008 1455 ἀστέρα
1031 1395 1158 1454 φαντα-

145 1483 223 1543 σίαν
250 1484 423 1542 ποιεῖσθαι
451 1476 649 1561 στηριγμοῦ·
682 1473 742 1541 έάν
770 1501 805 1542 τε
834 1476 890 1541 διδι
919 1485 978 1561 τῆς
1008 1472 1082 1541 κατ’
1107 1477 1158 1542 έκ-

143 1579 343 1665 κεντρότητα
374 1577 570 1659 ὑποθέσεως
601 1577 621 1665 ἡ
649 1582 739 1667 παρὰ
766 1584 826 1648 τὸν
854 1579 953 1666 ἥλιον
981 1579 1159 1668 ἀνωμαλία

145 1691 310 1773 συμβαίνῃ
335 1690 393 1772 τῆς
415 1686 572 1773 τοιαύτης
604 1686 657 1753 ἐπὶ
684 1685 802 1772 μόνων
832 1691 902 1755 τῶν
928 1698 1041 1755 πᾶσαν
1075 1686 1158 1756 ἀπό-

91 1806 124 1856 15
145 1810 261 1859 στασιν
299 1791 363 1859 ἀπὸ
400 1796 462 1860 τοῦ
493 1790 591 1880 ἡλίου
623 1792 836 1880 ποιουμένων
868 1796 972 1879 τριῶν
1005 1791 1157 1881 ἀστέρων

144 1910 332 1984 προχωρεῖν
356 1902 555 1987 δυναμένης,
580 1903 639 1968 τοῦ
661 1899 722 1987 μὲν
740 1902 881 1987 κέντρου
898 1903 960 1966 τοῦ
979 1899 1158 1984 έκκέντρου

143 2005 219 2092 περὶ
246 2007 283 2072 τὸ
312 2016 374 2073 τοῦ
403 2010 568 2095 ζῳδιακοῦ
600 2008 740 2093 κέντρον
773 2010 819 2084 είς
846 2006 885 2073 τὰ
916 2002 1060 2090 ἑπόμενοι
1088 2008 1157 2072 τῶν

109 2129 111 2134 “
145 2116 272 2202 ζῳδίων
297 2117 457 2200 ἰσοταχῶς
479 2116 525 2205 τῷ
549 2109 632 2203 ἡλίῳ
656 2114 856 2200 φερομένου,
879 2114 940 2178 τοῦ
962 2109 998 2178 δὲ
1017 2111 1158 2199 ἀστέρος

144 2219 196 2286 ἐπὶ
219 2222 280 2285 τοῦ
304 2220 480 2306 έκκέντρου
503 2218 578 2306 περὶ
601 2222 638 2284 τὸ
661 2219 801 2307 κέντρον
825 2215 932 2286 αὐτοῦ
949 2222 996 2297 είς
1014 2218 1054 2285 τά
1075 2242 1155 2306 προ-

88 2340 124 2388 ‘20
142 2325 314 2411 ηγούμενα
345 2329 414 2393 τῶν
446 2329 573 2416 ζῳδίων
606 2328 767 2410 ἰσοταχῶς
801 2329 840 2413 τῇ
872 2329 931 2411 τῆς
963 2322 1157 2410 ἀνωμαλίας

142 2429 296 2522 παρόδῳ,
328 2431 384 2498 καὶ
417 2434 541 2518 διαχθῇ
568 2456 618 2509 τις
650 2425 768 2497 εὐθεῖα
801 2431 853 2498 ἐπὶ
884 2433 945 2498 τοῦ
978 2431 1156 2519 έκκέντρου

96 2545 109 2552 ”
142 2537 268 2604 κύκλου
299 2538 354 2604 διὰ
379 2546 440 2604 τοῦ
463 2537 605 2624 κέντρου
632 2545 693 2603 τοῦ
718 2539 897 2627 ζῳδιακοῦ,
924 2538 1073 2605 τουτέστι
1097 2541 1157 2624 τῆς

143 2641 266 2728 ὅψεως,
296 2640 402 2721 οὕτως
425 2647 547 2729 ἔχουσα
576 2639 659 2710 ὥστε
686 2640 748 2727 την
772 2639 926 2728 ἡμίσειαν
950 2644 1053 2728 αὐτῆς
1076 2643 1157 2729 ὅλης

141 2750 224 2832 πρὸς
246 2751 283 2814 τὸ
308 2753 451 2815 ἔλασσον
474 2752 541 2815 των
564 2745 629 2816 ὑπὸ
652 2759 711 2834 τῆς
734 2748 844 2829 ὅψεως
866 2750 1053 2835 γινομένων
1076 2776 1156 2836 τμη-

89 2866 122 2915 25
142 2850 256 2940 μάτων
280 2851 384 2938 λόγον
408 2857 511 2942 ἔχειν,
542 2850 582 2922 δν
606 2858 644 2922 τὸ
667 2853 766 2941 τάχος
788 2864 849 2923 τοῦ
873 2856 1050 2941 έκκέντρου
1072 2859 1157 2943 πρὸς

141 2963 178 3026 τὸ
206 2956 305 3046 τάχος
326 2963 388 3025 τοῦ
411 2957 564 3048 ἀστέρος,
591 2957 662 3028 κατ’
689 2961 796 3029 ἐκεῖνο
819 2967 857 3029 τὸ
879 2975 1020 3048 σημείου
1043 2961 1157 3046 γιγνό-

141 3091 242 3151 μενος
266 3061 283 3131 ὃ
307 3060 422 3152 ἀστήρ,
446 3063 525 3133 καθ’
547 3062 566 3133 δ
589 3069 701 3154 τέμνει
724 3063 745 3152 ἡ
769 3064 886 3135 εὐθεῖα
904 3066 966 3152 τὴν
984 3073 1155 3155 περίχειον

141 3176 202 3240 τοῦ
227 3174 401 3260 έκκέντρου
424 3173 655 3260 περιφέρειαν,
678 3172 741 3260 τὴν
764 3176 833 3240 τῶν
856 3177 1046 3262 στηρινμῶν
1070 3200 1157 3259 φαν-

142 3285 261 3346 τασίαν
284 3277 464 3365 ποιήσεται.

88 3398 123 3446 30
209 3388 258 3452 De
282 3388 614 3453 demonstrationibus
633 3388 803 3473 Apollonii
824 3412 855 3453 u.
873 3388 1048 3455 Delambre
1069 3393 1155 3475 apud

142 3493 264 3558 Halma
287 3493 334 3559 ΙΙ2
355 3519 387 3579 p.
410 3496 460 3560 19.
