2444 3892
242 150 393 203 nurocn
412 150 675 203 commarcam
692 151 732 203 m
751 149 894 204 coruos.
1005 145 1072 212 205

57 295 91 359 in
120 294 272 359 inferiore
302 296 379 358 sunt
401 296 435 357 et
458 292 587 377 quidem
611 292 736 357 duobus
760 293 879 377 modis,
907 297 965 358 aut
986 293 1074 358 intra

58 399 212 465 circulum
246 403 303 464 aut
333 401 433 463 extra.
484 397 805 463 animaduertendum
834 402 956 482 autem,
989 399 1073 464 hanc

58 505 316 590 propositionem
347 506 382 569 in
414 504 581 569 nonnullis
614 506 848 589 exemplaribus
880 509 987 571 totam
1016 528 1074 590 per

58 612 280 678 reductionem
302 612 336 676 in
360 611 537 677 absurdum
559 611 816 677 demonstratam
837 613 986 678 inueniri.

441 841 497 906 Ad
520 864 624 927 prop.
643 840 702 906 III.

126 965 314 1050 Propositio
342 966 440 1031 tertia
466 988 577 1031 casum
605 965 803 1031 nonhabet.
847 967 883 1030 in
906 989 945 1031 ea
968 971 1076 1032 autem

61 1072 383 1137 animaduertendum
403 1076 462 1158 est,
479 1077 545 1137 AB
564 1076 685 1137 rectam
704 1094 785 1157 esse,
805 1075 881 1157 quia
898 1074 1076 1139 communis

61 1181 113 1241 est
142 1177 242 1242 sectio
270 1178 362 1261 plani
390 1179 530 1244 secantis
559 1183 592 1244 et
620 1180 799 1263 superficiei
827 1180 913 1264 coni,
947 1201 1029 1264 quae
1048 1181 1078 1244 ¹a

41 1287 150 1348 -recta
179 1284 338 1368 descripta
366 1288 415 1350 est
442 1286 617 1350 terminum
645 1286 686 1351 ad
714 1287 869 1352 uerticem
897 1287 1077 1370 superficiei

61 1395 247 1456 manentem
261 1391 411 1457 habente.
440 1393 643 1477 nequeenim
659 1394 764 1458 omnis
780 1394 964 1477 superficies
979 1395 1077 1478 plano

61 1501 150 1562 secta
183 1499 359 1564 sectionem
387 1498 488 1564 efficit
516 1503 651 1580 rectam,
683 1521 743 1566 nec
770 1501 840 1584 ipse
869 1523 982 1584 conus,
1014 1501 1078 1565 nisi

61 1603 194 1688 planum
219 1627 331 1670 secans
354 1628 413 1690 per
435 1606 589 1671 uerticem
612 1606 711 1671 uenit.

441 1818 497 1882 nd
520 1840 625 1903 prop.
644 1817 701 1883 IV.

132 1938 234 2004 Casus
254 1940 350 2004 huius
369 1942 603 2024 propositionis
617 1945 683 2007 tres
699 1946 777 2007 sunt
791 1947 828 2008 ut
842 1945 941 2009 etiam
955 1946 1078 2029 primae

62 2052 98 2111 et
122 2046 288 2110 secundae.

453 2187 511 2252 Ad
534 2209 637 2272 prop.
657 2187 696 2253 V.

132 2311 319 2395 Propositio
344 2313 458 2395 quinta
481 2335 590 2377 casum
612 2336 677 2379 non
700 2313 810 2379 habet.
846 2315 1081 2398 expositionem

66 2423 176 2482 autem
196 2418 364 2483 exordiens
384 2418 462 2484 dicit
482 2419 513 2500 [I
527 2442 558 2503 p.
571 2421 621 2502 18,
635 2420 684 2503 4]:
707 2442 775 2504 per
797 2442 903 2484 axem
928 2424 1081 2486 secetur

65 2525 183 2608 plano
208 2524 253 2589 ad
276 2525 399 2589 basim
422 2527 747 2610 perpendiculari.
795 2527 949 2611 quoniam
974 2530 1081 2592 autem

69 2630 105 2695 in
119 2653 200 2696 cono
216 2631 349 2716 obliquo
364 2631 547 2717 triangulus
561 2655 620 2716 per
635 2655 727 2697 axem
743 2633 870 2717 positus
884 2635 917 2699 in
931 2655 997 2698 una
1011 2635 1083 2699 sola

66 2737 229 2822 positione
256 2738 297 2802 ad
325 2738 431 2803 basim
459 2739 732 2823 perpendicularis
761 2743 823 2824 est,
851 2740 912 2805 hoc
939 2741 987 2805 ita
1015 2739 1082 2803 effi-

66 2844 202 2910 ciemus:
227 2847 357 2928 sumpto
382 2848 494 2911 centro
518 2846 607 2911 basis
631 2846 672 2910 ab
693 2868 730 2911 eo
749 2851 871 2912 rectam
891 2848 932 2912 ad
950 2848 1084 2931 planum

68 2950 157 3015 basis
185 2950 485 3034 perpendicularem
510 2952 670 3037 erigemus
694 2955 728 3017 et
750 2974 809 3035 per
832 2974 903 3017 eam
928 2975 1083 3038 axemque

68 3056 165 3121 ducto
193 3056 294 3140 plano
319 3056 525 3140 habebimus,
554 3058 639 3141 quod
663 3059 842 3143 quaeritur3
870 3061 1004 3123 namin
1026 3058 1083 3125 XI.

67 3162 153 3227 libro
181 3162 427 3228 Elementorum
454 3162 601 3229 Euclidis
630 3163 703 3248 [XL
738 3165 792 3246 18]
824 3164 1084 3231 demonstratum

925 3327 1084 3336 ..ι-

69 3443 106 3481 m.
132 3435 145 3481 1
170 3425 214 3481 W.
301 3430 344 3479 21.
369 3421 488 3497 ἄξονος]
517 3442 587 3481 corr.
611 3443 645 3481 ox
669 3422 778 3493 ἄξωνος
803 3444 840 3484 m.
866 3434 880 3482 1
904 3427 950 3483 W.
1041 3435 1083 3484 23.

70 3491 146 3551 ἔστιν
164 3497 210 3551 W.
285 3501 328 3550 24.
348 3491 448 3567 οὕτως]
470 3490 547 3553 οὕτω
565 3497 595 3551 in
613 3499 681 3553 extr.
702 3498 750 3552 lin.
770 3498 815 3565 W,
835 3493 909 3554 οὕτω
927 3518 955 3569 p.
