2452 3900
136 169 201 233 278
417 171 681 226 αοιωιεαοεειι
699 173 868 237 mmm„

136 312 292 396 ἐναλλάξ,
321 307 367 392 ὥς
393 308 414 398 ἡ
440 319 509 380 ΕΔ
531 315 616 400 πρὸς
638 321 714 400 ΔΖ,
738 313 909 382 τουτέστιν
932 310 953 400 ἡ
978 321 1047 382 ΑΒ
1071 313 1157 402 πρὸς

136 423 209 502 ΒΓ,
231 414 252 504 ἡ
276 425 347 485 ΛΔ
370 417 453 505 πρὸς
477 428 563 488 ΔΜ.

203 521 328 611 ὁμοίως
350 525 398 611 δέ,
421 521 485 594 κᾶν
505 524 523 594 δ
540 526 754 613 γραφόμενος
776 527 851 613 περὶ
869 525 932 614 τὴν
951 534 1019 594 ΖΕ
1034 526 1157 608 κύκλος

135 631 250 718 τέμνοι
272 632 337 718 τὴν
359 638 435 719 ΑΒ,
459 632 496 701 τὸ
521 630 602 701 αὐτὸ
627 633 849 720 δειχθήσεται.

101 851 117 898 5
535 833 605 908 Είς
627 827 670 896 τὸ
694 828 754 896 νε’.

204 952 281 1019 Καὶ
314 952 375 1019 ἐπὶ
407 955 475 1039 τὴς
502 960 573 1019 ΑΛ
600 951 814 1039 γεγράφθω
842 952 1086 1040 ἡμικύκλιον
1113 953 1156 1023 τὸ

136 1065 256 1144 ΑΖΔ,
284 1058 349 1125 καί
377 1055 486 1145 ήχθω
514 1084 573 1137 τις
600 1062 656 1137 είς
677 1056 720 1125 τὸ
743 1055 980 1145 ἡμικύκλιον
1002 1060 1156 1148 παραλ-

136 1171 255 1249 λήλος
280 1168 326 1254 τῇ
354 1173 419 1233 ΑΘ
446 1162 467 1251 ἡ
496 1171 569 1231 ΖΗ
590 1168 762 1232 ποιοῦσα
788 1163 858 1233 τὸν
884 1168 954 1234 τοῦ
982 1164 1057 1235 ιἰπδ
1090 1174 1160 1235 ΖΗ

136 1268 233 1355 πρὸς
255 1271 297 1338 τὸ
321 1268 395 1338 ὑπὸ
417 1279 527 1338 ΛΗΑ
550 1271 671 1358 λόγον
693 1270 764 1339 τὸν
786 1268 908 1340 αὐτὸν
930 1276 980 1359 τῷ
999 1277 1071 1360 τής
1091 1279 1156 1342 ΓΑ

84 1401 117 1449 10
136 1375 233 1464 πρὸς
255 1379 326 1464 τὴν
350 1382 566 1446 διπλασίαν
587 1382 655 1464 τὴς
677 1383 761 1462 ΑΛ]
786 1383 868 1446 ἔστω
892 1375 1096 1466 ἡμικύκλιον
1119 1379 1155 1448 τὸ

137 1491 203 1551 AB
210 1490 243 1551 Γ
260 1485 312 1552 ἐπὶ
337 1486 517 1572 διαμέτρου
535 1487 595 1571 τής
612 1494 644 1552 A
650 1490 687 1570 Γ,
712 1481 730 1552 ὁ
750 1485 788 1552 δέ
807 1485 923 1564 δοθεὶς
940 1484 1042 1571 λόγος
1061 1483 1080 1552 ὁ
1099 1490 1157 1573 τής

137 1597 200 1658 ΕΖ
224 1589 306 1672 πρὸς
329 1597 406 1675 ΖΗ,
430 1591 485 1657 καὶ
509 1590 589 1658 δέον
614 1596 696 1658 ἔστω
720 1594 857 1678 ποιήσαι
879 1590 920 1658 τδι
943 1598 1155 1679 προκείμενα.

203 1703 329 1763 κείσθω
356 1699 395 1784 τῇ
423 1703 487 1763 ΕΖ
515 1703 570 1783 ίση
600 1694 619 1783 ἡ
650 1705 726 1783 ΖΘ,
753 1698 808 1766 καὶ
836 1696 1012 1785 τετμήσθω
1040 1696 1061 1786 ἡ
1089 1707 1162 1767 ΘΗ

49 1888 54 1895 ι
138 1806 214 1888 δίχα
237 1802 320 1869 κατὰ
343 1801 381 1869 τὸ
401 1809 445 1888 Κ,
469 1803 524 1870 καί
548 1804 645 1891 ήχθω
670 1807 707 1873 έν
729 1808 775 1896 τῷ
798 1802 982 1897 ἡμικυκλίῳ
1005 1811 1156 1892 τυχοῦσα

85 1929 117 1980 15
137 1904 255 1976 εὐθεῖα
283 1905 304 1995 ἡ
333 1915 394 1977 ΓΒ
423 1912 460 1978 έν
487 1918 595 2001 γωνία
622 1914 662 1999 τὴ
689 1908 755 1979 ὑπὸ
779 1917 893 1996 ΑΓΒ,
920 1911 976 1979 καὶ
1004 1909 1158 1981 ἀπὸτοῦ

137 2022 169 2082 Λ
191 2016 332 2103 κέντρον
355 2013 451 2103 ήχθω
476 2015 525 2084 ἐπ’
552 2015 658 2104 αὐτὴν
681 2016 861 2104 κάθετοςὴ
882 2023 953 2083 ΛΣ
968 2017 1024 2084 καί
1039 2020 1157 2106 έκβλή-

136 2131 238 2190 θεῖσα
261 2125 475 2208 συμβαλλέτω
498 2135 539 2213 τῇ
564 2129 758 2214 περιφερείᾳ
781 2123 864 2191 κατὰ
886 2129 924 2191 τὸ
948 2131 993 2210 Ν,
1016 2125 1073 2191 καὶ
1099 2129 1157 2194 διὰ

137 2233 198 2296 τοῦ
226 2236 265 2296 Ν
293 2234 332 2317 τή
360 2237 424 2298 ΓΒ
456 2231 668 2319 παράλληλος
700 2228 795 2317 ήχθω
824 2227 844 2317 ἡ
872 2237 965 2297 ΝΜ·
992 2229 1159 2316 ἐφάψεται

130 2334 203 2423 ἄρα
225 2340 286 2404 τοῦ
309 2335 444 2405 κύκλου.
484 2338 540 2405 καὶ
558 2336 767 2423 πεποιήσθω,
792 2333 837 2415 ὡς
855 2334 875 2422 ἡ
897 2344 958 2403 ΖΘ
977 2341 1060 2424 πρὸς
1079 2344 1158 2423 ΘΚ,

85 2439 156 2528 1οἡ
184 2444 258 2519 ΜΞ
277 2449 360 2531 πρὸς
383 2445 465 2529 ΞΝ,
488 2444 543 2511 καί
566 2449 692 2511 κείσθω
716 2448 755 2533 τῇ
780 2445 852 2519 ΞΝ
871 2452 925 2530 ίσὴ
949 2440 970 2529 ἡ
994 2450 1034 2510 Ν
1037 2450 1075 2529 0,
1101 2446 1158 2512 καί

138 2549 392 2637 ἐπεζεύχθωσαν
420 2554 458 2618 αἱ
482 2552 562 2636 ΛΞ,
591 2557 657 2617 ΛΟ
683 2551 865 2636 τέμνουσαι
892 2555 929 2618 τὸ
953 2546 1158 2636 ἡμικύκλιον

137 2654 220 2723 κατὰ
242 2658 282 2724 τὰ
306 2666 351 2743 Π,
370 2665 407 2743 Ρ,
426 2657 482 2724 καὶ
506 2656 693 2743 ἐπεζεύχθω
716 2653 737 2743 ἡ
761 2664 873 2724 ΠΡΔ.

205 2764 274 2831 ἐπεὶ
304 2756 367 2832 οὖν
396 2772 451 2850 ίση
480 2765 571 2832 ἐστὶν
598 2760 619 2850 ἡ
649 2764 715 2840 ΞΝ
738 2767 778 2851 τῇ
802 2771 838 2830 Ν
845 2770 888 2849 0,
916 2763 1013 2849 κοινή
1039 2763 1077 2831 δὲ
1101 2766 1160 2833 καὶ

137 2874 220 2955 πρὸς
243 2867 351 2957 ὀρθὰς
373 2867 394 2956 ἡ
417 2876 499 2956 ΝΛ,
523 2878 578 2956 ίσὴ
602 2868 668 2956 ἄρα
690 2870 746 2938 καὶ
769 2866 789 2955 ἡ
814 2876 882 2938 ΛΟ
903 2873 942 2957 τή
967 2871 1039 2945 ΛΞ.
1087 2876 1160 2940 ἔστι

75 2996 118 3049 ,25
139 2975 176 3042 δὲ
203 2977 259 3043 καὶ
287 2974 307 3062 ἡ
336 2983 411 3043 ΛΠ
433 2980 473 3065 τὴ
498 2983 572 3043 ΛΡ·
600 2977 656 3044 καὶ
683 2975 782 3063 λοιπὴ
806 2974 871 3063 ἄρα
894 2972 914 3062 ἡ
940 2982 1010 3042 ΠΟ
1031 2979 1072 3063 τή
1098 2981 1161 3055 ΡΞ

212 3177 235 3225 1.
256 3177 316 3241 ΔΖ,
335 3171 490 3243 τουτέστιν]
507 3172 614 3242 scripsi,
635 3177 720 3226 ΔΖΤ
737 3168 802 3226 οὔτε
818 3165 893 3226 ἐστίν
907 3169 976 3239 Wp.
1041 3177 1067 3226 2.
1086 3174 1159 3245 ΛΔ]

138 3248 192 3296 ΑΔ
211 3242 283 3312 Wp,
308 3260 376 3298 corr.
397 3243 502 3299 Comm.
593 3251 618 3298 4.
638 3242 746 3314 τέμνοι]
766 3242 834 3312 Wp.
926 3248 951 3295 5.
975 3238 1033 3312 γε’]
1054 3245 1083 3296 in
1104 3261 1160 3300 ras.

138 3313 211 3383 plur.
226 3314 282 3370 litt.
298 3314 343 3369 W.
417 3321 442 3368 9.
460 3315 511 3388 τῷ]
525 3314 557 3368 in
570 3333 623 3370 ras.
638 3335 675 3370 m.
691 3321 705 3368 1
723 3314 766 3369 W.
841 3318 883 3368 15.
903 3313 997 3384 ΑΓΒ]
1014 3328 1028 3366 e
1045 3330 1116 3368 corr.
1132 3334 1162 3382 p.

176 3392 218 3440 16.
237 3387 308 3458 ΛΣ]
328 3385 436 3455 scripsi,
455 3390 509 3441 ΛΕ
527 3386 596 3455 Wp.
679 3392 721 3441 22.
741 3387 816 3452 Ρ,Π
833 3384 938 3439 Comm.
1018 3389 1061 3439 23.
1083 3389 1117 3438 N
1123 3387 1160 3457 O]

139 3459 199 3510 ΝΘ
219 3456 292 3526 Wp,
321 3474 388 3514 corr.
409 3456 514 3513 Gomm.
604 3463 648 3513 24.
676 3457 746 3526 ΝΛ]
771 3460 832 3510 ΜΛ
855 3456 928 3526 Wp,
958 3471 1027 3510 corr.
1049 3453 1160 3511 Comm.

170 3524 248 3582 ἔστιν
269 3528 310 3584 W.
387 3532 431 3585 25.
449 3529 482 3602 τῇ
495 3529 574 3602 (pr.)]
591 3531 637 3600 ίση
656 3530 689 3601 τῇ
709 3527 820 3596 Halley.
