2444 3892
128 155 194 220 226
410 154 673 207 οοκωεαοειωε
690 153 859 218 mmm.

127 295 290 384 αγόμεναι
309 293 330 382 ῆ
348 303 416 365 ΒΕ.
454 293 606 383 φανερὸν
626 286 700 379 οὖν,
720 290 772 362 ὅτι
790 290 810 380 ῆ
830 291 892 379 μὲν
907 299 977 361 ΒΓ
990 297 1039 374 είς
1060 291 1150 363 ἀπει-

128 430 190 491 ρον
210 401 343 482 αὔξεται
364 400 419 469 διὰ
439 399 500 487 τῆν
519 401 637 488 τομήν,
662 397 707 480 ώς
727 398 891 467 δέδεικται
911 401 947 468 ἐν
966 411 1014 492 τῷ
1035 397 1150 492 ὀγδόῳ

127 506 339 596 θεωρήματι,
367 505 388 594 ῆ
413 507 449 574 δὲ
473 515 557 592 ΒΔ,
583 505 654 593 ῆτις
677 505 768 575 ἐστὶν
792 502 813 592 ῆ
837 501 1066 575 ὑποτείνουσα
1089 507 1151 595 τῆν

128 613 222 693 ἐκτὸς
244 625 305 682 τοῦ
330 612 387 680 διὰ
413 617 474 681 τοῦ
497 615 619 695 ἀξονος
642 611 810 701 τριγώνου
832 616 961 698 γωνίαν
984 612 1151 702 πεπέρασ-

93 738 192 788 σται.
242 719 368 807 ταύτην
400 719 442 807 δῆ
470 723 725 808 διχοτομοῦντες
752 716 834 786 κατά
862 718 900 787 τὸ
930 726 957 786 Ζ
983 719 1040 786 καὶ
1070 716 1149 806 ἀγα-

128 825 246 912 γόντες
274 824 339 895 ἀπὸ
368 831 429 895 τοῦ
452 835 485 894 Α
512 827 717 913 τεταγμένως
743 827 955 913 κατηγμένην
979 827 1041 912 τῆν
1066 834 1150 912 ΑΗ,

130 931 187 1000 διὰ
211 932 249 1001 δὲ
272 937 332 1003 τοῦ
353 941 379 1000 Ζ
402 936 441 1021 τῆ
461 939 536 999 AH
555 931 771 1019 παράλληλον
794 930 857 1018 τὴν
876 939 977 1000 ΘΖΚ
998 933 1056 999 καὶ
1080 957 1149 1002 ποι-

129 1038 271 1126 ῆσαντες
293 1037 355 1126 τῆν
379 1046 439 1106 ΘΖ
464 1042 504 1126 τῆ
529 1044 596 1105 ΖΚ
617 1046 706 1124 ίσην,
730 1043 778 1106 ἔτι
802 1039 915 1126 μέντοι
939 1036 1057 1107 καὶτὸ
1085 1038 1148 1114 ἀπὸ

129 1152 198 1213 ΘΚ
215 1153 291 1214 ίσον
308 1156 354 1238 τῷ
374 1142 439 1214 ὑπὸ
460 1151 527 1212 ΔΒ
534 1153 573 1230 Ε,
594 1146 711 1231 ἕξομεν
730 1145 793 1232 τῆν
812 1151 880 1212 ΘΚ
898 1146 1059 1231 δευτέραν
1080 1145 1148 1214 διά·

77 1271 110 1319 10
129 1278 260 1339 μετρον.
316 1256 416 1320 τοῦτο
444 1250 509 1340 γὰρ
539 1248 686 1320 δυνατὸν
716 1250 833 1320 διὰτὸ
862 1251 925 1338 τῆν
954 1257 1023 1318 ΘΚ
1055 1251 1149 1332 ἐκτὸς

129 1351 237 1426 οὖσαν
265 1362 324 1445 τῆς
349 1363 453 1446 τομῆς
481 1362 528 1439 είς
555 1357 696 1446 ἀπειρον
720 1358 941 1444 ἐκβάλλεσθαι
964 1358 1021 1425 καὶ
1045 1361 1147 1426 δυνα-

127 1463 188 1533 τδν
217 1462 304 1532 εἶναι
336 1463 401 1532 ἀπὸ
434 1468 493 1551 τῆς
520 1463 660 1553 ἀπείρου
692 1469 892 1552 προτεθείση
922 1461 1041 1554 εάθείμ
1070 1473 1147 1552 ἴσην

129 1569 275 1657 ἀφελεῖν.
322 1570 359 1638 τὸ
385 1571 422 1638 δέ
441 1578 468 1636 Ζ
491 1571 633 1659 κέντρον
655 1579 759 1656 καλεῖ,
781 1568 843 1657 τῆν
868 1570 906 1637 δὲ
926 1577 987 1637 ΖΒ
1010 1571 1067 1637 καὶ
1091 1570 1148 1651 τάς

130 1674 254 1762 ὁμοίως
277 1674 360 1764 αὐτῇ
383 1674 528 1744 ἀπὸτοῦ
548 1684 576 1742 Ζ
593 1675 676 1764 πρὸς
693 1679 756 1765 τῆν
778 1675 885 1764 τομῆν
905 1678 1096 1764 φερομένας
1114 1679 1148 1746 ἐκ

75 1801 108 1849 15
127 1786 188 1849 τοῦ
211 1782 360 1869 κέντρου.

194 1892 298 1958 ταῦτα
326 1890 387 1977 μὲν
416 1890 468 1958 ἐπὶ
491 1895 551 1979 τῆς
579 1889 766 1979 ὑπερβολῆς
792 1889 848 1957 καλ
870 1893 940 1958 τών
963 1891 1148 1979 ἀντικειμέ·

128 2020 213 2064 νων·
232 1997 288 2065 καὶ
307 1998 471 2087 φανερόν,
491 1995 541 2066 ὅτι
560 1997 790 2087 πεπερασμένη
810 1996 902 2065 ἐστὶν
922 1995 1059 2084 ἑκατέρα
1080 2002 1147 2066 τών

129 2106 332 2192 διαμέτρων,
365 2104 385 2192 ῆ
419 2106 481 2192 μέν
513 2107 626 2193 πρώτη
660 2102 808 2172 αὐτόθεν
839 2104 874 2171 ἐκ
900 2107 960 2189 τῆς
986 2106 1148 2190 γενέσεως

128 2215 186 2297 τῆς
213 2215 329 2298 τομῆς,
358 2209 379 2297 ῆ
408 2212 445 2279 δὲ
473 2215 624 2299 δευτέρα,
651 2210 738 2278 διότι
766 2211 848 2297 μέση
877 2207 1048 2296 ἀνάλογόν
1077 2214 1147 2279 ἐστι

75 2334 109 2382 20
128 2318 388 2406 πεπερασμένων
417 2315 563 2385 εὐθειῶν
590 2321 648 2403 τῆς
673 2343 708 2384 τε
731 2316 863 2404 πρώτης
886 2318 1068 2405 διαμέτρου
1092 2319 1148 2385 καλ

127 2427 186 2509 τῆς
214 2421 292 2511 παρ’
323 2420 366 2510 ῆν
391 2424 554 2492 δύνανται
583 2426 620 2489 αί
641 2423 866 2509 καταγόμεναι
890 2421 939 2490 ἐπ’
966 2421 1074 2510 αὐτὴν
1098 2452 1147 2493 τε-

127 2531 308 2618 ταγμένως.

196 2637 249 2704 έπλ
278 2636 315 2705 δὲ
343 2641 401 2724 τῆς
429 2639 605 2718 ἐλλείψεως
633 2633 726 2702 οὔπω
755 2634 926 2720 δῆλοντὸ
952 2634 1146 2722 λεγόμενον.

130 2741 243 2828 ἐπειδὴ
272 2741 336 2828 γάρ
365 2747 412 2820 είς
440 2743 564 2828 ἕαυτῆν
589 2742 760 2825 συννεύει,
790 2740 944 2831 καθάπερ
970 2740 987 2810 ὁ
1012 2743 1146 2830 κύκλος,

76 2862 110 2910 25
129 2849 185 2914 καλ
223 2847 317 2927 έντός
354 2847 582 2935 ἀπολαμβάνει
619 2847 742 2927 πάσας,
763 2846 822 2926 τάς
859 2852 1058 2937 διαμέτρους
1091 2852 1148 2918 καί

129 2949 315 3038 ὡρισμένας
348 2951 450 3034 αὐτάς
480 2952 710 3041 ἀπεργάζεται·
743 2952 826 3022 ώστε
860 2954 901 3022 οὐ
933 2954 1066 3037 πάντως
1094 2959 1148 3025 ἐπὶ

127 3061 186 3144 τῆς
210 3060 386 3139 ἐλλείψεως
410 3057 429 3146 ῆ
454 3062 537 3147 μέση
559 3058 730 3147 ἀνάλογον
749 3065 817 3129 τών
836 3066 898 3130 τοῦ
917 3068 1029 3142 είδους
1047 3072 1147 3133 πλευ·

129 3168 198 3251 ρώυ
222 3165 278 3230 καὶ
302 3164 359 3231 διά
382 3170 443 3234 τοῦ
467 3168 609 3254 κέντρου
632 3171 691 3253 τῆς
713 3171 816 3255 τομῆς
836 3167 984 3256 ἀγομένη
1004 3171 1059 3237 καὶ
1079 3168 1145 3239 ὑπὸ

128 3275 187 3357 τῆς
201 3272 383 3358 διαμέτρου
397 3276 663 3360 διχοτομουμένη
674 3270 739 3341 ὑπὸ
751 3278 809 3361 τῆς
819 3289 923 3362 τομῆς
932 3282 1146 3364 περατοῦται·

201 3441 226 3490 4.
246 3429 355 3497 ἀξωνος
374 3433 417 3488 W.
496 3440 521 3489 9.
542 3430 612 3504 ὑπό]
632 3429 690 3488 ἀπό
710 3453 737 3504 p.
817 3441 858 3489 19.
880 3430 955 3490 ἔστιν
975 3436 1019 3489 W.
1103 3443 1147 3493 23.

128 3500 219 3575 οὕτω]
240 3498 330 3558 οὕτωλ
405 3511 447 3560 26.
468 3501 516 3576 οὗ]
537 3504 590 3560 del.
610 3503 714 3560 Comm.
