2444 3892
495 162 731 255 mannum,
792 121 800 133 Ι
955 215 959 224 ,
1051 160 1116 226 125

103 308 279 372 δεκαπλῶν
298 307 372 394 θῶ,
396 305 589 391 συμφάνως
606 315 677 382 τοῖς
698 299 765 370 άπὸ
785 298 1011 372 Ἀπολλωνίου
1033 302 1116 371 κατὰ

103 435 166 496 την
189 409 341 498 μέθοδον
364 412 401 479 ἐν
424 407 508 498 ἀρχῇ
532 411 594 476 τοῦ
618 411 753 494 βιβλίου
775 407 1089 497 προγεγραμμένοις.

170 555 223 620 38.
256 553 388 640 Pappus
410 553 452 638 Π,
474 553 495 618 3
518 576 549 637 p.
568 553 599 636 4,
622 552 702 637 9sq.
725 549 796 638 (etr.
815 551 931 638 fragm.
944 550 1018 640 47):

168 672 257 744 Ἀλλ’
284 671 303 743 δ
327 673 502 754 διπλάσιος
523 676 584 741 τοῦ
607 670 762 760 πλήθους
783 676 853 741 τῶν
876 670 931 759 ἐφ’
952 665 1002 742 ὧν
1024 675 1065 742 τὰ
1088 679 1117 740 Β

106 782 152 867 μὴ
177 784 364 868 μετρείσθω
388 777 455 848 ὑπὸ
477 777 649 865 τετράδος·
677 779 901 866 μετρούμενος
923 779 989 867 ἄρα
1012 785 1118 861 λείψει

106 884 216 953 δυάδα
240 888 273 967 ἐξ
296 884 457 972 άνάγκης·
481 894 599 952 τοῦτο
622 885 698 972 γὰρ
722 885 1010 972 προδέδεικται.

173 1030 225 1094 39.
256 1027 388 1114 Pappus
411 1027 455 1114 II,
479 1030 496 1094 1
521 1051 551 1113 p.
571 1029 601 1112 2,
626 1031 715 1113 lsq.:

172 1149 191 1191 ’¹‘
218 1147 283 1235 γάρ
316 1147 442 1229 αὐτοὺς
468 1148 653 1239 ἐλάσσονας
682 1149 743 1235 μὲν
772 1146 860 1217 εἶναι
888 1148 1119 1236 ἑκατοντάδος,

105 1264 301 1341 μετρεῖσθαι
335 1254 372 1323 δὲ
405 1253 471 1324 ὑπὸ
502 1255 658 1342 δεκάδος,
690 1255 746 1323 καὶ
779 1257 858 1324 δέον
886 1261 969 1323 ἔστω
996 1259 1057 1325 τὸν
1087 1257 1120 1338 ἐξ

106 1358 220 1429 αὐτῶν
244 1363 382 1450 στερεὸν
406 1366 510 1430 εἰπεῖν
533 1362 579 1450 μὴ
602 1360 942 1430 πολλαπλασιάσαντα
966 1361 1097 1443 αὐτούς.

172 1506 226 1571 40.
257 1505 390 1590 Pappus
414 1505 457 1590 II,
479 1508 501 1572 2
524 1529 554 1591 p.
574 1508 605 1590 2,
631 1507 672 1571 14
683 1529 746 1591 sq.:

160 1624 338 1694 Ἔστωσαν
362 1625 404 1712 δὴ
427 1627 530 1695 πάλιν
553 1624 802 1713 ὁσοιδηποτοῦν
830 1625 972 1716 άριθμοὶ
995 1627 1049 1716 ἐφ’
1071 1619 1120 1697 cdv

105 1730 146 1799 τά
170 1740 213 1818 Β,
241 1724 290 1801 cdv
314 1734 450 1812 ἕκαστος
473 1733 625 1802 ἐλάσσων
653 1734 715 1819 μὲν
737 1734 904 1821 χιλιάδος,
933 1739 1119 1822 μετρείσθω

106 1838 144 1907 δὲ
171 1835 237 1906 ὑπὸ
267 1838 503 1925 ἑκατοντάδος,
535 1840 592 1906 καὶ
624 1841 704 1907 δέον
737 1845 821 1908 ἔστω
852 1840 914 1909 τὸν
946 1843 980 1923 ἐξ
1007 1837 1120 1910 αὐτῶν

106 1947 243 2032 στερεὸν
272 1949 377 2014 εἰπεῖν
405 1947 450 2033 μὴ
474 1943 813 2013 πολλαπλασιάσαντα
840 1944 919 2024 τοὺς
941 1944 1120 2031 ἀριθμούς.

172 2054 201 2118 Ε
221 2053 334 2139 Pappo
357 2076 389 2137 p.
407 2054 438 2137 4,
457 2053 536 2137 3sq.
560 2054 601 2117 ad
624 2053 935 2118 demonstrationem
953 2054 1122 2138 Apollonii

106 2162 187 2227 haee
209 2161 388 2246 pertinent:
419 2161 590 2224 δείκνυται
614 2147 677 2223 οὖν
702 2156 759 2222 διὰ
781 2159 850 2223 τάν
872 2159 1035 2243 γραμμῶν

107 2262 125 2333 ὁ
150 2262 205 2333 διὰ
228 2267 297 2331 τάν
321 2262 375 2350 ἐφ’
397 2253 447 2330 niv
470 2263 510 2330 τά
532 2268 561 2329 Β
589 2259 721 2349 στερεὸς
744 2268 817 2340 ίσος
897 2265 943 2352 τῷ
972 2260 1030 2328 διά
1053 2264 1121 2329 τάν

108 2368 341 2439 ἑκατοντάδων
369 2372 491 2461 στερεῷ
520 2368 574 2437 ἐπὶ
600 2368 661 2437 τὸν
689 2369 725 2436 ἐκ
754 2377 822 2435 τῶν
845 2368 1031 2454 πυθμένων
1054 2386 1122 2434 στε-

109 2476 197 2565 ρεόν.
239 2479 313 2546 Ηοο
337 2479 366 2544 si
388 2479 587 2562 duplicatum
606 2477 849 2542 multitudinem
866 2499 1075 2542 numerorum
1093 2480 1122 2541 Β

107 2587 241 2651 metitur
263 2607 416 2651 numerus
439 2586 471 2670 4,
493 2585 545 2649 sin
568 2584 675 2649 minus
698 2580 769 2670 (σθ.
788 2581 907 2668 fragm.
926 2580 997 2670 38),
1021 2577 1040 2647 ὁ
1064 2579 1121 2648 διά

108 2692 177 2756 τῶν
205 2689 258 2775 ἐφ’
285 2682 334 2758 ὧν
356 2687 397 2758 τά
421 2696 450 2756 Β
479 2687 641 2776 μυριάδες
668 2686 755 2755 εἰσὶν
778 2715 798 2775 ρ
828 2683 1002 2774 ὁμάνυμοι
1025 2690 1071 2777 τῷ
1096 2694 1123 2754 Ζ

114 2840 324 2850 ——-

109 2932 269 3001 exemplum
278 2933 388 2987 numeri
399 2934 521 3016 ingentis
535 2937 702 3005 productum
717 2934 877 2990 litterarum
893 2935 952 2990 eius
966 2950 1017 3003 pro
1027 2949 1124 2988 nume·

108 3003 215 3059 ratibus
245 3004 419 3071 sumpturum
445 3003 592 3061 indicasse.
635 3006 735 3062 deinde
759 3007 938 3070 methodum,
966 3020 1022 3074 qua
1049 3004 1123 3058 tanti

107 3075 217 3129 numeri
236 3073 394 3157 computari
411 3075 529 3145 possint,
549 3076 686 3148 exposuit.
719 3076 750 3131 in
768 3095 824 3146 qua
838 3076 995 3132 enarranda
1008 3075 1123 3144 Pappus

108 3144 1124 3298 etuedetinuissentuieinstituendus

108 3287 320 3354 uniuersaliter,
347 3285 453 3341 siout
444 3304 475 3342 m
493 3287 580 3344 Elem.
596 3288 735 3357 VII-IX,
760 3289 862 3344 omisit.
905 3286 972 3341 hino
995 3255 1030 3341 ud
1052 3288 1121 3355 aret,

109 3359 204 3427 quid
196 3376 225 3412 m
245 3373 328 3427 opere
346 3357 491 3427 Apollonii
515 3331 756 3415 eoommentsriis
775 3356 865 3428 Puppi
887 3304 1061 3441 restituendo
1044 3375 1122 3413 ose·

111 3433 191 3485 outus
219 3430 279 3483 sim.
326 3429 376 3484 cfr.
401 3431 531 3498 Tannery
553 3429 702 3485 Memoires
726 3429 761 3483 de
789 3429 817 3482 lu
840 3445 895 3483 soo.
919 3429 969 3484 des
998 3428 1121 3485 soienoes

109 3500 262 3570 physiques
281 3501 311 3555 et
328 3501 419 3554 natur
439 3500 474 3554 de
492 3499 646 3567 Bordesux,
665 3505 696 3554 2
712 3500 763 3556 ser.
783 3499 868 3568 Illp
882 3504 934 3555 262
945 3517 985 3569 sq
