2444 3892
125 96 187 161 148
401 95 665 148 commum
683 95 853 160 mmm.

122 234 187 307 ὑπὸ
209 241 317 305 ΑΔΓ
336 243 412 304 ἴσον
433 236 524 304 ἐστὶν
542 239 588 326 τῷ
611 232 674 303 ὑπὸ
693 243 794 303 ΒΔΕ
816 239 921 320 [Euol.
934 237 978 322 ΙΙ,
992 239 1040 320 3].
1073 237 1148 305 ἐπεὶ

124 342 161 411 δὲ
187 343 225 411 τὸ
254 339 320 410 ὑπὸ
345 347 447 408 ΒΕΔ
475 349 552 409 ἴσον
580 341 671 409 ἐστὶν
698 345 743 432 τῷ
767 338 832 409 ἀπὸ
857 347 934 428 ΒΓ,
966 340 1149 432 ἀμφότερα

123 446 314 537 ἀφῃρήσθω
339 445 404 516 ἀπὸ
428 451 490 515 τοῦ
512 445 577 515 ἀπὸ
601 459 661 534 τῆς
684 455 751 515 ΒΒ
770 447 996 535 τετραγώνου·
1020 448 1147 518 λοιπὸν

125 557 230 639 [Euol.
254 557 295 642 ΙΙ,
320 559 354 639 6]
388 551 454 641 ἄρα
481 552 520 621 τὸ
548 551 615 621 ὑπὸ
644 560 748 622 ΑΒΓ
777 563 853 622 ἴσον
881 555 972 622 ἐστὶν
998 559 1046 647 τῷ
1076 553 1147 625 ὑπὸ

89 679 106 729 σ
128 667 230 729 ΒΒΔ
255 664 357 745 [Euel.
377 663 484 747 11‚2].
528 664 656 746 γίνεται
679 658 745 748 ἄρα
767 658 808 727 τὰ
830 667 914 749 τρία.

192 783 230 868 ζ’.
262 784 307 853 Τὸ
328 793 360 852 A
382 783 467 872 πρὸς
490 781 528 852 τὸ
548 791 577 862 Β
600 785 661 852 τὸν
685 790 902 872 συνημμένον
920 784 1023 871 λόγον
1044 787 1147 872 ἐχέτω

125 897 160 961 ἔκ
182 917 216 960 τε
239 895 301 959 τοῦ
325 888 367 960 ὃν
390 895 456 978 ἔχει
478 889 516 958 τὸ
541 895 573 957 Γ
591 889 676 978 πρὸς
697 889 735 960 τὸ
759 898 792 958 Δ
814 892 870 958 καὶ
893 891 926 971 ἐξ
951 882 993 958 οὗ
1016 887 1058 958 ὃν
1077 897 1147 979 ἔχει

124 997 162 1066 τὸ
186 1005 218 1065 Β
238 997 322 1083 πρὸς
345 996 381 1065 τὸ
408 1004 448 1064 Ζ·
482 994 533 1064 ὅτι
560 997 617 1063 καὶ
640 995 678 1065 τὸ
701 1004 734 1065 Γ
756 995 840 1083 πρὸς
861 996 899 1064 τὸ
923 999 957 1063 Δ
982 995 1045 1064 τὸν
1068 1016 1147 1066 συν-

125 1105 275 1192 ημμένον
299 1102 403 1190 λόγον
428 1106 494 1190 ἔχει
519 1107 554 1169 ἕν
572 1128 607 1170 τε
625 1106 686 1170 τοῦ
706 1098 747 1170 ὃν
767 1107 832 1190 ἔχει
850 1102 888 1171 τὸ
903 1112 935 1170 Α
957 1103 1043 1189 πρὸς
1060 1104 1100 1172 τὸ
1117 1112 1146 1172 Β

75 1230 108 1281 10
127 1211 182 1280 καὶ
205 1208 242 1279 τὸ
266 1218 294 1277 Ζ
317 1209 401 1297 πρὸς
423 1208 459 1276 τὸ
484 1215 520 1276 Β.

193 1320 238 1409 τῷ
263 1315 327 1402 γὰρ
345 1319 406 1382 τοῦ
428 1322 457 1381 Β
474 1315 559 1401 πρὸς
576 1313 613 1381 τὸ
635 1322 662 1380 Ζ
681 1317 769 1407 λόγῳ
790 1312 808 1383 ὁ
828 1312 928 1395 αὐτὸς
946 1316 1146 1401 πεποιήσθω

129 1421 147 1491 ὁ
170 1425 231 1492 τοῦ
254 1428 287 1488 Δ
314 1418 397 1507 πρὸς
419 1417 456 1488 τὸ
481 1425 524 1489 Η.
570 1420 639 1487 ἐπεὶ
668 1413 732 1489 οὖν
761 1420 778 1489 ὁ
802 1426 863 1490 τοῦ
887 1431 919 1489 Α
945 1420 1029 1510 πρὸς
1053 1420 1091 1490 τὸ
1117 1431 1146 1491 Β

21 1531 28 1543 ’
129 1531 292 1613 συνῆπται
325 1531 361 1592 ἔκ
386 1551 422 1592 τε
454 1529 514 1592 τοῦ
540 1529 603 1593 τοῦ
625 1532 658 1594 Γ
685 1527 770 1615 πρὸς
798 1537 831 1594 Δ
858 1529 914 1596 καὶ
941 1533 1003 1597 τοῦ
1030 1531 1091 1596 τοτ’.
1118 1537 1149 1596 Β

128 1632 212 1717 πρὸς
236 1639 274 1717 Ζ,
298 1632 468 1700 τουτέστιν
491 1635 553 1699 τοῦ
577 1641 610 1698 Δ
632 1634 716 1720 πρὸς
737 1634 776 1702 τὸ
801 1642 846 1718 Η,
869 1633 954 1703 ἀλλὰ
978 1632 996 1701 ὁ
1020 1654 1147 1722 συνημ-

77 1759 111 1809 lb
129 1739 229 1826 μένος
256 1743 292 1805 ἔκ
314 1763 348 1805 τε
376 1741 438 1805 τοῦ
466 1734 506 1806 ὃν
531 1744 596 1825 ἔχει
623 1737 661 1808 τὸ
685 1746 718 1808 Γ
740 1739 823 1829 πρὸς
845 1740 883 1809 τὸ
906 1751 939 1808 A
966 1742 1022 1808 καὶ
1046 1743 1079 1822 ἐξ
1104 1734 1148 1809 οὗ

131 1842 171 1913 ὃν
195 1850 259 1932 ἔχει
282 1845 319 1914 τὸ
342 1852 376 1912 A
402 1848 485 1933 πρὸς
507 1847 544 1914 τὸ
570 1854 608 1913 Η
632 1849 722 1915 ἐστιν
750 1845 768 1915 ὁ
791 1851 853 1915 τοῦ
876 1855 908 1915 Γ
930 1848 1015 1935 πρὸς
1036 1851 1075 1916 τὸ
1100 1856 1148 1935 Η,

131 1954 174 2031 ὡς
202 1949 266 2039 ἄρα
294 1949 332 2021 τὸ
356 1960 387 2019 Α
414 1952 498 2039 πρὸς
525 1950 563 2021 τὸ
586 1961 629 2038 Β,
664 1951 771 2032 οὕτως
797 1951 835 2021 τὸ
863 1960 895 2022 Γ
922 1952 1007 2042 πρὸς
1033 1953 1072 2022 τὸ
1101 1961 1147 2025 Η.

131 2059 200 2128 ἐπεὶ
224 2058 262 2127 δὲ
284 2058 321 2127 τὸ
347 2064 379 2126 Γ
401 2060 485 2146 πρὸς
507 2057 545 2128 τὸ
571 2068 605 2128 A
626 2060 688 2129 τὸν
712 2061 928 2148 συνημμένον
951 2060 1055 2147 λόγον
1080 2065 1148 2147 ἔχει

131 2170 165 2233 ἔκ
187 2191 221 2233 τε
245 2169 305 2234 τοῦ
330 2160 371 2232 ὃν
395 2169 461 2251 ἔχει
483 2169 520 2233 τὸ
542 2172 573 2232 Γ
593 2169 677 2252 πρὸς
699 2169 736 2233 τὸ
755 2171 795 2231 Η
812 2167 867 2233 καὶ
891 2168 925 2247 ἐξ
948 2158 991 2234 οὗ
1015 2162 1056 2234 ὃν
1080 2171 1148 2253 ἔχει

79 2292 113 2342 20
132 2276 169 2339 τὸ
192 2276 232 2338 Η
254 2274 337 2357 πρὸς
359 2274 396 2338 τὸ
421 2279 468 2355 Δ,
501 2269 575 2337 ἀλλ’
603 2269 621 2339 ὁ
650 2271 713 2357 μὲν
739 2276 800 2340 τοῦ
829 2277 862 2338 Γ
888 2276 971 2359 πρὸς
997 2277 1034 2341 τὸ
1063 2280 1099 2340 Η
1129 2271 1148 2342 ὁ

132 2375 235 2457 αὐτὸς
263 2379 398 2462 ἐδείχθη
426 2379 472 2467 τῷ
500 2380 561 2443 τοῦ
589 2385 622 2443 A
653 2381 737 2462 πρὸς
763 2383 801 2446 τὸ
830 2385 873 2464 Β,
908 2376 925 2446 ὁ
956 2379 994 2446 δὲ
1020 2383 1082 2447 τοῦ
1112 2387 1153 2447 Η

132 2486 215 2568 πρὸς
237 2486 274 2550 τὸ
299 2490 332 2548 A
356 2483 391 2548 ἐκ
413 2485 475 2549 τοῦ
496 2478 664 2551 ἀνάπαλιν
688 2480 706 2550 ὁ
730 2481 831 2564 αὐτός
854 2486 944 2552 ἐστιν
966 2490 1012 2577 τῷ
1036 2490 1097 2553 τοῦ
1119 2494 1149 2553 Ζ

132 2592 214 2674 πρὸς
236 2591 274 2655 τὸ
293 2595 333 2672 Β,
356 2587 411 2654 ναὶ
434 2591 472 2655 τὸ
492 2593 524 2654 Γ
542 2586 608 2675 ἄρα
630 2588 714 2674 πρὸς
731 2587 769 2657 τὸ
790 2599 823 2656 Δ
845 2595 904 2658 τὸν
929 2594 1148 2678 συνημμένον

133 2693 236 2778 λόγον
260 2698 326 2780 ἔχει
350 2698 385 2760 ἔκ
408 2719 442 2761 τε
464 2697 526 2762 τοῦ
550 2689 592 2762 ὃν
616 2699 681 2781 ἔχει
704 2700 742 2764 τὸ
766 2705 798 2763 Α
820 2701 903 2784 πρὸς
924 2701 960 2765 τὸ
980 2706 1008 2764 Β
1032 2699 1088 2765 κὰὶ
1112 2701 1147 2780 ἐξ

79 2816 115 2866 25
134 2790 175 2867 οὗ
199 2795 241 2866 ὃν
264 2789 330 2885 ἔχει
352 2802 390 2865 τὸ
415 2807 442 2865 Ζ
464 2804 547 2887 πρὸς
569 2805 606 2868 τὸ
630 2808 668 2869 Β.

200 2922 245 3009 η’.
268 2923 376 2990 Ἔστω
401 2920 464 2990 δύο
483 2925 814 3015 παραλληλόγραμμα
832 2929 874 2995 τὰ
894 2935 970 3011 ΑΓ,
985 2935 1052 2994 ΔΖ
1077 2932 1147 2995 ν’σο-

133 3027 240 3115 γώνια
267 3036 344 3114 ἴσην
373 3031 491 3115 ἔχοντα
518 3031 581 3116 τὴν
609 3039 637 3099 Β
666 3041 795 3120 γωνίαν
822 3038 862 3124 τῇ
886 3042 917 3101 Β
942 3040 1062 3124 γωνίᾳ’
1096 3033 1148 3103 ὅτι

133 3141 275 3222 γίνεται,
299 3132 344 3216 ὡς
366 3138 403 3204 τὸ
427 3132 492 3204 ὑπὸ
516 3144 620 3206 ΑΒΓ
638 3146 721 3227 πρὸς
744 3145 781 3209 τὸ
805 3138 870 3208 ὑπὸ
894 3147 1011 3225 ΔΕΖ,
1040 3139 1149 3222 οὕτως

206 3373 230 3423 2.
250 3363 412 3439 ἀμφότερα]
433 3362 569 3436 ἑκάτερον
588 3367 719 3428 Hultsch.
801 3376 842 3426 1³.
862 3371 901 3440 A]
921 3388 953 3423 το
975 3376 999 3422 Δ
1016 3370 1148 3426 Hultsch.

172 3444 212 3492 14.
234 3439 266 3510 Z]
286 3436 318 3494 τὸ
338 3443 359 3492 Ζ
377 3438 497 3493 Hultsch
516 3456 579 3494 cum
598 3439 718 3498 Halleio.
