2444 3892
163 154 228 218 192
442 151 706 223 οοωωκωτεωιε
723 150 892 214 ANTIQUA.

162 293 183 383 ἡ
207 302 287 380 ΒΕ,
315 292 414 380 λοιπὴ
438 292 503 377 ι’ίρα
527 289 547 378 ἡ
572 297 675 359 ΕΖΓ
691 295 731 380 τῇ
755 297 860 358 EHA
884 291 975 358 ἐστιν
1001 297 1078 376 ίση·
1105 290 1189 360 ὥστε

163 402 219 469 καλ
242 398 263 487 ἡ
287 408 355 467 ΑΕ
374 404 415 490 τῇ
439 405 511 468 ΕΓ.
551 397 648 484 κοινὴ
673 397 710 472 δὲ
733 396 789 464 καὶ
812 394 895 484 πρὸς
919 392 1031 481 ὀρθὰς
1057 392 1081 484 ἡ
1109 406 1189 466 ΕΔ·

163 507 260 594 βασις
287 506 352 594 ἄρα
381 504 401 592 ἡ
426 515 495 573 ΔΑ
523 516 562 593 τῇ
587 510 656 571 ΔΓ
680 506 771 572 ἐστιν
799 511 864 589 ἴση.
910 499 1037 588 ὁμοίως
1064 502 1111 588 δὴ
1134 505 1189 572 καὶ

163 625 267 682 πᾶσαι
291 612 529 700 δειχθήσονται
553 615 591 678 αί
612 619 687 678 ἴσον
711 607 892 697 ἀπέχουσαι
916 612 975 695 τῆς
995 618 1028 676 Δ
1035 617 1072 677 Ε
1091 606 1114 696 ἢ
1133 613 1191 697 τῆς

128 736 145 785 5
166 727 232 788 AB
256 728 334 787 ίσαι.
380 721 481 788 πάλιν
505 720 574 786 ἐπεὶ
596 717 765 804 τριγώνου
788 719 849 784 τοῦ
873 722 975 783 ΔΕΖ
999 711 1097 804 ὀρθή
1119 720 1189 785 ἐστι

164 832 271 912 γωνία
303 824 324 911 ἡ
358 823 423 894 ὑπὸ
451 833 567 911 ΔΕΖ,
599 830 719 911 μείζων
753 823 844 891 ἐστὶν
874 819 895 908 ἡ
924 829 991 888 ΔΖ
1018 827 1084 908 τῆς
1112 832 1189 892 ΔΕ.

163 933 219 1001 καλ
247 930 349 1000 πάλιν
377 930 446 999 ἐπεὶ
474 936 594 1017 μείζων
623 931 713 998 ἐστὶν
740 927 761 1017 ἡ
787 937 853 996 ΕΑ
880 925 999 996 εὐθεῖα
1025 932 1092 1015 τῆς
1115 938 1187 1016 ΕΖ,

165 1040 236 1107 ἐπεὶ
272 1038 328 1105 καὶ
364 1039 558 1124 περιφέρεια
590 1034 611 1122 ἡ
645 1044 746 1105 ΕΖΑ
775 1048 835 1121 τῆς
867 1043 929 1102 ΕΖ
960 1043 1186 1125 περιφερείας,

166 1143 262 1230 κοινὴ
288 1145 325 1213 δὲ
348 1144 509 1230 καὶπρὸς
533 1140 640 1230 ὀρθὰς
664 1141 683 1229 ἡ
709 1150 787 1227 ΔΕ,
811 1139 831 1227 ἡ
858 1149 923 1208 ΔΖ
946 1141 1014 1229 ίίρα
1036 1145 1100 1228 τῆς
1119 1149 1186 1208 ΔΑ

114 1269 146 1317 10
166 1250 316 1319 ἑλίσσων
350 1254 448 1319 έστί.
501 1249 557 1317 διὰ
590 1247 630 1315 τδι
663 1250 747 1316 αὐτὰ
779 1247 835 1315 καὶ
867 1244 888 1334 ἡ
921 1253 992 1313 ΔΑ
1023 1251 1087 1333 τῆς
1120 1253 1183 1314 ΔΒ

166 1359 318 1426 ἐλάσσων
351 1358 450 1425 ἐστίν.
497 1355 566 1424 ἐπεὶ
599 1349 661 1422 οὖν
694 1354 714 1441 ἡ
744 1362 814 1422 ΔΕ
843 1358 902 1440 τῆς
930 1361 996 1420 ΔΖ
1029 1353 1183 1421 ἐλάσσων

168 1466 314 1549 ἐδείχθη,
338 1461 358 1548 ἡ
383 1462 421 1529 δέ
445 1469 511 1528 ΔΖ
533 1466 591 1545 τῆς
615 1468 700 1546 ΔΑ,
725 1459 745 1547 ἡ
771 1461 814 1528 δέ
830 1469 901 1528 ΔΑ
924 1463 982 1545 τῆς
1005 1467 1092 1547 ΔΒ,
1117 1462 1183 1528 έλα-

166 1573 260 1654 χίστη
288 1569 350 1654 μέν
378 1572 467 1636 ἐστιν
497 1564 517 1654 ἡ
543 1575 625 1651 ΔΕ,
649 1571 786 1654 μεγίστη
811 1567 849 1636 δὲ
873 1564 893 1653 ἡ
918 1572 1001 1649 ΔΒ,
1025 1563 1081 1633 ἀεὶ
1105 1562 1182 1651 δὲὴ

168 1679 281 1759 ἔγγιον
304 1678 363 1758 τῆς
386 1682 456 1742 ΛΕ
476 1684 533 1760 τῆς
557 1672 731 1762 ἀπώτερον
755 1673 906 1742 ἑλίσσων
930 1676 1002 1741 έστί
1022 1727 1029 1740 .

116 1796 149 1844 1ο
235 1776 320 1846 ἆλλδι
341 1780 383 1866 δὴ
403 1776 423 1865 ἡ
440 1779 585 1860 κάθετος
598 1782 741 1850 πιπτέτω
756 1777 849 1859 ἐκτὸς
861 1781 923 1847 τοῦ
937 1786 969 1844 Α
975 1783 1004 1844 Β
1010 1783 1083 1846 ΓΗ
1087 1785 1116 1845 Ζ
1130 1776 1181 1846 κύ-

166 1895 249 1954 κλου
282 1885 326 1966 ὡς
359 1888 411 1955 έπλ
429 1892 501 1974 Υτῆς
534 1889 690 1977 δευτέρας
716 1889 932 1974 καταγραφῆς
959 1882 980 1971 ἡ
1009 1893 1096 1970 ΔΕ,
1130 1884 1180 1953 καλ

168 1992 321 2080 εἰλήφθω
345 1994 447 2062 πάλιν
464 2000 502 2064 τὸ
525 2003 665 2083 κέντρον
688 1997 749 2062 τοῦ
768 1992 894 2061 κύκλον
911 1994 948 2058 τὸ
968 1997 1011 2077 Κ,
1034 1992 1093 2059 καλ
1119 1995 1182 2062 ἐπε-

170 2100 298 2189 ζεύχθω
322 2098 342 2187 ἡ
363 2109 432 2169 ΕΚ
452 2103 507 2169 καλ
531 2103 746 2189 ἐκβεβλήσθω
771 2099 823 2168 ἐπὶ
846 2101 883 2165 τὸ
903 2104 941 2182 Β,
964 2097 1020 2164 καλ
1040 2098 1183 2186 ἐπεζεύχ-

168 2216 288 2275 θωσαν
318 2211 356 2274 αλ
375 2213 456 2292 ΔΒ,
481 2214 562 2292 ΔΘ,
590 2208 646 2274 καλ
671 2206 890 2291 εἰλήφθωσαν
914 2204 977 2271 δύο
1003 2213 1075 2272 ίσαι
1099 2231 1183 2293 περι·

115 2329 149 2378 20
169 2315 300 2400 φέρειαι
332 2311 410 2399 παρ’
443 2314 582 2397 ἑκάτερα
613 2315 675 2379 τοῦ
704 2319 732 2379 Θ
760 2315 797 2378 αί
823 2319 900 2396 ΘΖ,
923 2317 996 2377 ΘΗ
1019 2312 1077 2378 καί
1106 2309 1183 2398 παρ’

169 2418 306 2506 ἑκοίτερα
329 2424 391 2486 τοῦ
410 2427 437 2485 Β
461 2422 498 2485 αί
514 2423 590 2501 ΑΒ,
610 2424 684 2502 ΒΓ,
706 2424 765 2485 καί
785 2418 1038 2504 ἐπεζεύχθωσαν
1059 2421 1098 2485 αί
1115 2426 1186 2501 ΕΖ,

169 2533 253 2611 ΕΗ,
278 2532 358 2610 ΖΚ,
381 2531 469 2609 HK,
494 2530 570 2610 ΛΖ,
597 2531 681 2609 ΛΗ,
704 2530 781 2608 AB,
804 2530 876 2608 ΒΓ,
901 2529 980 2608 ΚΑ,
1003 2530 1081 2609 ΚΓ,
1106 2531 1187 2608 ΔΚ,

170 2640 256 2715 ΛΑ,
280 2636 354 2697 ΔΓ.
400 2631 468 2699 ἐπεὶ
498 2621 561 2698 οὖν
590 2639 645 2716 λ’ση
674 2629 765 2697 ἐστὶν
793 2626 813 2715 ἡ
838 2636 900 2696 ΘΖ
927 2632 1127 2719 περιφέρεια
1150 2635 1187 2722 τῇ

168 2744 247 2822 ΘΗ,
270 2737 326 2804 καλ
349 2743 455 2822 γωνία
479 2735 545 2823 ἄρα
568 2733 588 2822 ἡ
611 2733 676 2804 ὑπὸ
696 2743 795 2803 ΘΚΖ
817 2739 857 2825 τῇ
881 2735 946 2803 ὑπὸ
966 2743 1077 2804 ΘΚΗ
1096 2740 1188 2808 ἐστιν

116 2858 150 2907 25
170 2851 235 2929 ἴση.
286 2842 354 2909 ἐπεὶ
384 2835 447 2910 οὖν
474 2840 494 2929 ἡ
525 2850 593 2910 ΖΚ
621 2842 740 2911 εὐθεῖα
770 2847 810 2930 τῇ
839 2849 916 2910 ΚΗ
935 2845 1025 2909 ἐστιν
1054 2851 1126 2929 ἴση*
1156 2848 1189 2913 ἐκ

169 2949 310 3034 κέντρον
332 2946 410 3032 γάρ·
433 2951 531 3036 κοινὴ
555 2949 592 3017 δὲ
615 2947 636 3036 ἡ
656 2957 735 3034 ΚΕ,
753 2950 809 3017 καὶ
827 2957 936 3035 γωνία
958 2945 979 3033 ἡ
998 2944 1064 3015 ὑπὸ
1086 2956 1191 3020 ΖΚΕ

243 3148 266 3196 1.
291 3142 360 3212 ΒΕ]
381 3158 450 3196 corr.
469 3159 504 3198 ex
523 3147 579 3198 ΔΕ
598 3163 634 3199 m.
656 3154 669 3198 1
689 3145 738 3213 W,
763 3149 819 3199 ΔΕ
837 3163 864 3214 p.
955 3149 980 3198 4.
1004 3140 1052 3214 αί]
1080 3145 1190 3217 scripsi,

171 3229 226 3266 om.
245 3213 313 3282 Wp.
405 3219 429 3268 5.
452 3210 526 3268 ἐστιν
545 3215 590 3270 W.
683 3221 724 3270 10.
743 3211 833 3269 ταύτά
853 3233 880 3284 p.
973 3220 1015 3268 13.
1033 3215 1108 3286 ΛΕ]
1131 3221 1190 3271 Εο

171 3300 240 3339 corr.
255 3301 282 3352 p.
357 3289 398 3338 15.
418 3281 466 3356 δή]
487 3304 513 3354 p,
533 3287 565 3340 δέ
581 3286 625 3341 W.
705 3289 859 3355 ΑΒΓΗΖ]
878 3288 1022 3340 ΑΒΓΖΗ
1038 3303 1064 3354 p.
1149 3294 1190 3343 16.

172 3356 244 3427 ΔΕ]
261 3359 285 3409 Ε
300 3373 314 3410 e
329 3373 397 3410 corr.
412 3373 448 3410 m.
465 3364 478 3410 1
495 3374 522 3425 p.
580 3364 622 3413 19.
641 3359 706 3428 ΔΒ]
723 3364 748 3412 Δ
763 3374 832 3412 corr.
848 3373 881 3411 ex
897 3363 917 3410 Β
933 3356 963 3410 in
978 3355 1129 3412 scribendo
1144 3358 1190 3413 W.

208 3427 595 3497 lba1]suprascr.m.1W.
660 3434 702 3482 22.
723 3429 796 3500 ΔΚ]
816 3445 870 3483 om.
886 3428 991 3483 Comm.
1056 3431 1099 3482 23.
1120 3429 1189 3500 ΔΑ]

173 3502 233 3564 ΔΑ,
249 3503 301 3550 ΔΒ
320 3498 394 3568 Wp;
414 3515 483 3553 corr.
499 3498 604 3554 comm.
679 3504 722 3554 26.
741 3500 809 3570 ΚΕ]
829 3501 885 3554 ΚΘ
902 3499 976 3570 Wp;
996 3513 1065 3553 corr.
1081 3496 1190 3555 Comm.
