2444 3892
152 145 194 210 68
549 145 718 199 maman
735 142 775 201 ε’.

218 289 367 354 έστωσαν
396 282 622 373 ἀντικείμεναι
650 288 687 353 αί
708 292 790 374 ΑΒ,
813 291 851 370 Γ,
879 284 937 353 καὶ
962 280 1184 372 ἀπερβολῇῇ

152 398 250 461 ΑΓΒ
277 397 317 481 τῇ
347 389 408 480 μέν
432 398 498 460 ΑΒ
527 393 736 480 συμπιπτέτω
760 390 843 461 κατά
866 390 908 459 τά
933 397 983 478 Α,
1010 398 1062 479 Β,
1087 394 1128 480 τῇ
1150 389 1183 458 ἀὲ

153 504 186 565 Γ
202 497 281 566 καθ’
310 502 346 566 ἓν
370 497 408 567 τὸ
429 504 467 585 Γ,
490 497 546 566 καὶ
570 502 653 567 έστω
676 501 717 587 τῇ
736 502 835 567 ΑΓΒ
857 493 1081 585 ἀντικειμένη
1105 494 1180 585 ῇΑ.

153 604 249 691 λέγω,
274 602 325 673 ὅτι
348 602 369 692 ἡ
396 614 429 672 A
453 601 613 695 οὐδετέρᾳ
635 607 705 673 τῶν
728 611 810 693 ΑΒ,
828 609 860 672 Γ
879 616 1117 690 συμπεσεῖται.

120 723 136 772 ὁ
224 710 477 799 ἐπεζεύχθωσαν
496 709 560 796 μάρ
580 713 618 778 αί
633 715 709 796 ΑΓ,
727 715 796 778 ΒΓ
808 710 864 778 καὶ
883 708 1177 796 ἐκβεβλήσθωσαν.

153 820 191 885 αί
216 816 281 907 ἀρα
304 824 384 904 ΑΓ,
407 822 475 884 ΒΓ
492 819 532 906 τῇ
556 824 588 883 A
614 820 700 906 τομῇ
725 814 767 885 οὐ
790 818 1057 904 συμπεσοῦνται.
1108 811 1173 884 ἀλλ’

154 921 235 992 οὐδὲ
248 934 288 1013 τῇ
304 931 336 992 Γ
350 934 433 1012 τομῇ
448 921 518 991 κατ’
652 993 659 1005 A

154 1029 235 1099 ἀλλο
288 1043 425 1119 σημείου
477 1026 518 1098 οὐ

155 1140 404 1224 συμπεσοῦνται
430 1136 519 1223 πλῇν

103 1256 137 1305 10
154 1246 192 1313 τὸ
214 1250 250 1313 Γ.
296 1248 326 1312 εί
348 1244 413 1330 γάρ
438 1262 517 1331 συμ-

154 1349 318 1436 βάλλουσι
353 1351 410 1417 nal
440 1347 520 1418 καθ’

156 1458 281 1541 ἕτερον,
298 1459 337 1544 τῇ
348 1463 413 1523 ΑΒ
429 1454 517 1524 ἀντι-

154 1563 288 1649 κειμένη
322 1560 364 1630 οὐ
396 1580 518 1648 συμπε-

156 1670 307 1735 σοῦνται·
342 1664 536 1736 ὑπόκεινται
565 1670 602 1740 a}
631 1676 888 1760 συμπίπτουσαι.
945 1673 983 1738 αί
1010 1680 1044 1741 Α
1050 1679 1096 1760 Γ,
1118 1676 1176 1742 ΒΓ

104 1785 137 1835 15
158 1773 224 1858 ἀρα
242 1771 373 1842 εὐθεῖαι
390 1778 430 1863 τῇ
451 1776 512 1862 μὲν
527 1783 559 1844 Γ
576 1781 661 1868 τομῇ
680 1774 760 1846 καθ’
778 1781 815 1847 ἓν
834 1776 1071 1865 συμβάλλουσι
1088 1777 1172 1865 var,

155 1882 195 1968 τῇ
225 1879 263 1947 δὲ
292 1888 324 1947 A
351 1885 436 1970 τομῇ
464 1878 546 1951 οὐδὲ
572 1883 657 1965 ὅλως
685 1883 946 1971 συμβάλλουσιν.
999 1882 1021 1972 ῇ
1052 1896 1088 1954 A
1115 1884 1171 1975 ἀμσ

158 1992 248 2054 ἔσται
282 1984 348 2056 ἀπὸ
383 1985 445 2073 τῇν
476 1994 605 2075 γωνίαν
634 1990 696 2078 τῇν
718 1987 784 2059 ἀπὸ
814 1996 917 2058 ΒΓΖ.
973 1988 1063 2061 ὥστε
1096 1990 1117 2081 ῇ
1144 1998 1172 2060 Δ

158 2093 241 2180 τομῇ
266 2091 308 2161 οὐ
332 2108 546 2182 συμπεσεῖται
569 2109 641 2178 ταῖς
664 2105 741 2184 ΑΒ,
763 2103 800 2167 Γ,

636 2347 701 2409 μς.

104 2458 140 2507 20
223 2442 302 2513 Ἐὰν
335 2443 505 2535 ὑπερβολῇ
538 2451 598 2537 μιῇι
625 2450 693 2515 τῶν
725 2445 966 2534 ἀντικειμένων
994 2449 1080 2519 κατά
1105 2454 1171 2536 τρία

159 2564 278 2639 σημεῖα
307 2553 497 2641 συμβάλλη,
525 2550 546 2640 ῇ
576 2550 787 2640 ἀντικειμένη
817 2553 902 2643 αὐτῇ
928 2558 969 2643 τῇ
993 2555 1090 2648 ἑτέρᾳ
1110 2559 1172 2626 τάν

159 2655 398 2744 ἀντικειμένων
423 2656 465 2726 οὐ
488 2672 701 2745 συμπεσεῖται
724 2656 812 2747 πλῇν
835 2656 915 2729 καθ’
942 2661 988 2729 ἕν.

226 2768 376 2832 έστωσαν
405 2761 631 2851 ἀντικείμευαι
659 2769 697 2832 αί
716 2771 831 2851 ΑΒΓ,
856 2773 924 2834 ΔΒ
932 2774 973 2852 Ζ,
1003 2769 1061 2836 καὶ
1083 2765 1173 2855 ὑπεμ

160 2871 243 2956 βολῇ
263 2866 283 2955 ἡ
299 2874 448 2937 ΑΜΒΓ
462 2870 676 2956 συμβαλλέτω
695 2875 734 2960 τῇ
750 2875 853 2940 ΑΒΓ
866 2871 949 2941 καιά
968 2878 1046 2959 τρία
1061 2887 1175 2963 σημεῖα

108 2988 143 3037 25
162 2975 202 3044 τά
222 2983 263 3058 Α,
283 2984 321 3061 Β,
342 2981 379 3061 Γ,
399 2979 482 3043 ἔστω
503 2975 540 3044 δὲ
557 2987 597 3065 τῇ
615 2983 729 3046 ΑΜΓ
743 2974 954 3066 ἀντικειμένη
974 2975 1111 3065 ῇΔΕΚ
1128 2982 1175 3068 [τῇ

161 3081 198 3149 δὲ
226 3088 329 3149 ΑΒΓ
348 3079 368 3168 ἡ
393 3088 520 3167 ΔΕΖ].
566 3083 666 3171 λέγω,
696 3084 746 3152 ὅτι
770 3081 791 3171 ῇ
814 3091 923 3152 ΛΕΚ
943 3087 983 3174 τῇ
1006 3092 1111 3154 ΔΒΖ
1138 3083 1176 3155 οὐ

161 3189 343 3272 συμβάλλει
366 3188 449 3255 κατὰ
472 3195 610 3258 πλείονα
635 3203 754 3277 σημεῖα
776 3188 798 3277 ῇ
823 3191 868 3258 ἕν.

233 3419 257 3468 3,
278 3419 372 3489 ΑΓΒ]
392 3438 423 3488 p;
444 3422 504 3486 ΑΓ,
521 3424 576 3473 ΒΓ
591 3419 624 3474 V.
707 3427 747 3476 10.
768 3420 970 3493 συμβάλλουσι]
990 3437 1039 3492 op,
1060 3420 1179 3497 ουμβάλ·

162 3488 229 3539 λωσι
247 3485 280 3541 V.
356 3494 398 3544 25.
418 3490 451 3560 τῇ
473 3488 505 3545 δὲ
525 3487 641 3560 ΑΒΓῇ
662 3492 755 3564 ΔΕΖ]
775 3492 808 3560 V,
828 3509 881 3548 om.
896 3509 924 3561 p.
