2444 3892
152 126 219 191 274
433 125 697 179 οοααεαεεωε
715 123 884 188 mmm.

474 288 543 364 Είς
564 281 635 353 τὸν
660 285 855 368 ἐπίλογον.

225 409 303 497 Τὴν
339 407 380 478 έκ
416 413 483 496 τῆς
520 408 711 495 γενέσεως
743 407 958 496 διάμετρον
990 407 1081 493 λέγει
1112 405 1168 495 τὴν

153 517 342 603 γεναμένην
371 513 409 584 ἐν
438 518 483 607 τῷ
510 513 609 605 κώνςο
637 512 757 600 κοινὴν
780 511 887 601 τομὴν
909 516 972 581 τοῦ
995 514 1170 600 τέμνοντος

154 622 314 690 ἐπιπέδου
341 613 397 688 καί
425 624 485 689 τοῦ
514 621 570 687 διὰ
599 623 662 687 τοῦ
690 616 810 700 άξονος
836 618 1019 707 τριγώνου·
1050 620 1170 708 ταύτην

121 743 137 790 5
158 729 195 798 δὲ
213 730 268 798 καὶ
288 724 429 815 άρχικὴν
448 724 628 814 διάμετρον
647 725 743 811 λέγει.
785 730 845 792 καί
860 745 977 812 φησιν,
997 726 1050 795 ὅτι
1069 726 1171 797 πάντα

154 833 194 903 τά
215 836 411 922 δεδειγμένα
430 834 654 920 συμπτώματα
673 835 742 900 τών
760 841 873 919 τομῶν
887 829 924 901 έν
938 842 1009 913 τοίς
1023 857 1171 922 προειρη-

154 945 268 1029 μένοις
303 938 521 1029 θεωρήμασιν
558 935 781 1025 ὑποθεμένων
817 934 913 1025 ἡμών
944 938 1005 1020 τὰς
1038 938 1172 1029 άρχικὰς

155 1051 353 1137 διαμέτρους
371 1050 570 1133 συμβαίνειν
590 1042 754 1159 δύνανραι
771 1044 828 1112 καὶ
842 1048 910 1113 τών
930 1045 1045 1114 ἄλλων
1059 1051 1171 1116 πασών

156 1156 345 1243 διαμέτρων
368 1149 632 1238 ὑποτιθεμένων.

105 1362 138 1411 10
552 1350 622 1426 Είς
644 1342 686 1415 τὸ
711 1343 783 1413 νδ’.

224 1474 302 1541 Καὶ
329 1469 529 1540 ἀνεστάτω
559 1468 631 1537 άπὸ
655 1473 723 1555 τῆς
745 1476 810 1536 ΑΒ
834 1467 1025 1539 ἐπίπεδον
1051 1468 1173 1557 ὀρθὸν

156 1579 253 1665 πρὸς
284 1577 327 1645 τὸ
361 1574 627 1660 ὑποκείμενον
660 1571 866 1662 ἐπίπεδον,
899 1577 963 1643 καὶ
996 1575 1039 1644 έν
1073 1575 1171 1668 αὐτῷ

156 1684 245 1770 περὶ
271 1682 344 1769 τὴν
367 1688 433 1748 AB
457 1679 672 1768 γεγράφθω
696 1679 841 1762 κύκλος
864 1680 882 1750 ὁ
906 1690 1056 1769 ΑΕΒΖ,
1080 1682 1173 1752 ώστε

156 1793 198 1857 τὸ
225 1791 355 1875 τμῆμα
381 1798 451 1875 τῆς
478 1787 693 1876 διαμέτρου
721 1791 790 1855 τοῦ
817 1787 968 1857 κύκλου
995 1793 1037 1857 τὸ
1062 1787 1104 1858 ἐν
1127 1800 1172 1880 τῷ

104 1908 138 1957 15
158 1903 257 1964 AER
281 1892 449 1983 τμήματι
472 1892 570 1983 πρὸς
588 1892 630 1962 τὸ
653 1904 778 1981 τμῆμα
801 1897 869 1981 τῆς
891 1897 1110 1984 διαμέτρου
1132 1921 1171 1963 το

158 2001 198 2073 έν
230 2006 280 2095 τῷ
305 2009 403 2070 ΑΖΒ
435 2001 608 2089 τμήματι
640 1998 689 2088 μὴ
722 2004 885 2086 μείζονα
916 2000 1040 2087 λόγον
1071 2007 1172 2090 ἔχειν

158 2115 229 2178 τοῦ
253 2106 297 2178 δν
322 2114 402 2196 ἔχει
425 2106 446 2196 ἡ
470 2116 535 2177 ΑΒ
559 2107 656 2195 πρὸς
674 2112 757 2190 ΒΓ]
783 2111 933 2175 ἔστωσαν
957 2108 1020 2176 δύο
1042 2107 1173 2178 εὐθεῖαι

159 2221 195 2284 αι’
226 2223 307 2302 ΑΒ,
330 2222 409 2302 ΒΓ,
442 2215 497 2282 καὶ
531 2215 610 2281 δέου
644 2218 726 2281 έστω
759 2213 834 2302 περὶ
866 2211 928 2299 τὴν
956 2222 1022 2282 ΑΒ
1050 2216 1173 2286 κύκλον

159 2325 296 2410 γράψαι,
316 2320 400 2389 ώστε
418 2322 482 2409 τὴν
502 2319 682 2408 διάμετρον
702 2316 807 2388 αὐτοῦ
826 2321 1009 2406 τέμνεσθαι
1027 2319 1093 2391 ὑπὸ
1113 2327 1169 2410 τῆς

104 2441 140 2489 20
161 2435 224 2497 AB
250 2426 369 2513 οὕτως,
395 2426 478 2496 ώστε
500 2431 537 2493 τὸ
560 2429 643 2511 πρὸς
664 2429 711 2517 τῷ
736 2432 768 2493 Γ
785 2427 885 2515 μέρος
909 2425 1012 2514 αὐτῆς
1034 2434 1119 2515 πρὸς
1136 2434 1171 2497 τὸ

158 2539 277 2604 λοιπὸν
300 2533 345 2622 μὴ
366 2539 500 2621 μείζονα
522 2531 627 2616 λόγον
651 2535 737 2616 ἔχειν
759 2544 822 2600 τοῦ
841 2535 899 2621 τῆς
918 2539 982 2601 ΑΒ
1002 2538 1086 2620 πρὸς
1105 2540 1173 2603 ΒΓ.

225 2639 418 2709 ὑποκείσθω
447 2639 508 2725 μὲν
540 2639 606 2704 νῦν
631 2634 691 2704 τὸν
719 2634 838 2724 αὐτόν,
867 2641 923 2707 καὶ
950 2639 1128 2727 τετμήσθω
1155 2637 1174 2726 ἡ

158 2754 225 2815 ΑΒ
253 2752 331 2834 δίχα
357 2745 440 2814 κατὰ
467 2743 505 2813 τὸ
535 2750 583 2828 Δ,
610 2742 665 2810 καὶ
693 2741 739 2809 δι’
771 2742 876 2812 αὐτοῦ
899 2742 982 2834 πρὸς
1006 2743 1116 2833 ὀρθάς
1138 2749 1175 2835 τῇ

158 2859 224 2920 ΑΒ
257 2852 353 2939 ἤχθω
386 2848 407 2937 ἡ
436 2857 553 2936 ΕΔΖ,
586 2849 642 2916 καὶ
674 2851 852 2937 γεγονέτω,
879 2848 924 2930 ὡς
951 2850 972 2938 ἡ
999 2859 1066 2920 ΑΒ
1094 2852 1177 2942 πρὸς

159 2981 373 2988 ———--

231 3051 256 3100 3.
276 3043 449 3116 γενομένην]
464 3044 509 3112 W,
529 3042 686 3115 γενομένην
701 3064 728 3116 p.
797 3050 821 3100 ὅ.
841 3045 1006 3118 διάμετρον]
1021 3065 1049 3116 p,
1069 3067 1107 3105 m.
1122 3065 1176 3104 ree.

158 3115 204 3182 W,
227 3115 277 3169 καί
295 3114 418 3187 ἄμετρον
440 3132 477 3170 m.
498 3120 512 3167 1
532 3115 578 3170 W.
670 3121 693 3170 9.
720 3111 947 3188 ὑποτιθεμένων]
968 3119 1082 3187 scripsi,
1106 3115 1176 3174 ὑπο·

158 3183 290 3254 θεμένων
309 3188 377 3256 Wp.
452 3191 493 3240 14.
514 3187 577 3258 του]
597 3185 704 3254 addidi,
724 3204 777 3242 om.
792 3187 863 3258 Wp.
929 3193 970 3246 15.
989 3188 1120 3262 τό(ε1ί.)]
1142 3187 1176 3244 τά

159 3257 229 3326 Wp‚
249 3256 444 3324 oomHalley.
515 3264 557 3313 16.
576 3259 666 3329 ΑΖΒ]
686 3262 762 3313 ΑΒΖ
780 3258 849 3329 Wp‚
869 3276 938 3314 corr.
953 3258 1061 3316 Comm.
1124 3258 1162 3331 μή

160 3344 214 3382 om.
233 3327 303 3398 Wp‚
323 3344 392 3383 corr.
414 3326 520 3384 Comm.
593 3335 636 3384 20.
656 3330 706 3402 τῷ]
727 3327 781 3383 scri
803 3329 836 3398 si,
854 3329 887 3385 τό
906 3329 975 3400 Wp.
1049 3336 1093 3386 21.
1113 3336 1163 3385 ΑΒ

158 3404 296 3454 Recorr.
306 3417 338 3525 ρ.
411 3406 454 3453 22.
473 3400 526 3470 μὲν
545 3402 609 3468 νῦν]
629 3416 655 3468 ν,
675 3420 760 3471 μεναυ
832 3399 895 3470 (μὲν
911 3393 1006 3470 οὖνδ),
1029 3421 1062 3472 με
1079 3402 1135 3458 νῦν
1150 3421 1175 3473 p.

196 3467 285 3526 αὐτὸν
325 3489 401 3541 χειν
420 3469 522 3539 Halley
541 3488 604 3526 eum
624 3471 728 3526 Comm.
