2444 3892
239 179 344 230 ΡΑΡΡΙ
361 179 538 231 LEMMATA
555 181 595 234 m
614 181 729 239 como.
749 183 819 237 Lm.
837 183 934 238 1-IV.
1030 184 1093 248 163

80 325 155 383 ἴσον
175 317 267 385 ἐστὶν
285 321 330 410 τῷ
349 316 414 385 ὑπὸ
431 325 538 388 ΔΓΑ.
566 328 622 407 ἴση
642 318 708 406 ἄρα
728 321 817 390 ἐστὶν
835 319 856 408 ἡ
873 328 944 390 AF
956 325 997 412 τῇ
1011 331 1092 391 AB·

80 420 162 510 ὅπερ
186 426 254 490 έὸει
277 425 388 504 δεῖξαι.

148 580 196 648 θ’.
224 580 332 651 Ἔστω
360 583 396 652 τὸ
425 583 491 651 ὑπὸ
515 589 614 652 ΑΓΒ
646 583 727 671 μετὰ
753 589 814 654 τοῦ
837 585 902 655 ἀπὸ
925 593 987 655 FA
1016 596 1092 658 ἴσον

81 690 126 776 τῷ
151 684 215 754 ἀπὸ
235 694 302 754 AB
325 686 535 779 τετραγώνῳ·
560 687 613 757 ὅτι
636 698 691 776 ἴση
716 689 806 758 ἐστὶν
828 688 849 777 ἡ
868 700 934 759 AA
956 697 995 780 τῇ
1017 701 1091 762 ΔΒ.

336 816 359 864 A
427 816 454 866 Γ
564 818 590 867 Δ
690 794 754 867 4Ε
804 820 825 867 Β

344 883 822 922 ι-ι--ι--ι-ι

144 959 269 1021 κείσθω
293 957 334 1042 τῇ
353 962 414 1022 FA
437 962 492 1040 ἴση
516 953 536 1041 ἡ
557 961 637 1022 AE·
660 952 698 1022 τὸ
721 953 788 1042 ἄρα
805 952 871 1023 ὑπὸ
891 961 990 1023 ΓΒΕ
1010 955 1091 1043 μετὰ
1128 972 1144 1022 b

77 1063 138 1126 τοῦ
162 1058 226 1128 ἀπὸ
252 1066 334 1144 AE,
366 1060 538 1127 τουτέστιν
565 1063 628 1127 τοῦ
655 1056 720 1128 οάτὸ
745 1065 822 1144 FA,
855 1067 929 1128 ἴσον
956 1065 1001 1154 τῷ
1026 1059 1086 1130 αἰττῖ

37 1223 40 1229 .
78 1171 144 1231 AB
170 1167 273 1249 [Eucl.
291 1167 334 1246 Π,
358 1169 408 1249 6],
442 1163 615 1233 τουτέστιν
642 1176 687 1257 τῷ
715 1163 780 1233 ὑπὸ
806 1171 901 1233 ΒΓΑ
928 1165 1008 1253 μετὰ
1029 1171 1092 1235 τοῦ

77 1267 141 1338 οάτὸ
162 1276 237 1338 FA·
261 1268 344 1339 ὥστε
362 1274 400 1338 τὸ
419 1266 485 1339 ὑπὸ
506 1277 606 1339 ΓΒΕ
627 1279 702 1339 ἴσον
722 1270 813 1339 ἐστὶν
830 1275 876 1363 τῷ
896 1269 962 1339 ὑπὸ
982 1278 1090 1340 ΒΓΑ·

76 1385 130 1462 ἴση
155 1377 221 1464 ἄρα
245 1373 464 1463 έστῖνὴΑΓ
481 1387 520 1465 τῇ
541 1384 612 1445 EB.
650 1374 806 1445 ἀλλὰκαὶ
826 1374 846 1464 ἡ
866 1383 929 1444 FA
951 1388 990 1465 τῇ
1009 1385 1090 1445 AE·

76 1479 136 1567 ὅλη
160 1480 226 1570 ἄρα
249 1479 269 1567 ἡ
293 1489 365 1547 AA
377 1480 447 1571 1322]
466 1487 507 1571 τῇ
532 1489 598 1550 AB
622 1492 676 1569 ἴση
701 1485 802 1551 έστῖν.
1110 1499 1143 1548 10

143 1640 177 1708 ι’.
205 1641 313 1709 Ἔστω
341 1641 442 1710 πάλιν
468 1640 504 1710 τὸ
528 1639 594 1710 ὑπὸ
618 1648 719 1709 ΒΑΓ
746 1641 826 1729 μετὰ
847 1646 907 1710 τοτ’-
932 1640 996 1710 οάιὸ
1021 1650 1088 1710 AB

75 1753 149 1813 ἴσον
173 1756 218 1838 τῷ
244 1745 309 1814 ιἰτιὸ
335 1754 412 1813 AA·
438 1744 489 1815 ὅτι
512 1754 567 1833 ἴση
592 1747 682 1815 ἐστὶν
706 1743 726 1832 ἡ
751 1752 813 1814 FA
834 1751 874 1835 τῇ
896 1755 971 1817 AB.

341 1874 366 1923 E
452 1876 473 1923 A
596 1873 623 1922 Γ
683 1874 708 1921 Δ
794 1874 816 1922 Β

350 1938 809 1976 ι--ι--ι-ι--ι

142 2017 268 2078 κείσθω
291 2014 331 2098 τῇ
352 2017 419 2077 ΔΒ
443 2019 498 2095 ἴση
522 2006 639 2095 ηΑΕ.
674 2007 745 2074 ἐτιεῖ
768 2000 830 2074 οὖν
853 2007 890 2076 τὸ
911 2006 974 2077 ὑπὸ
993 2018 1094 2079 ΒΑΓ

74 2114 153 2201 μετὰ
177 2120 238 2183 τοῦ
261 2112 326 2183 οάτὸ
347 2122 425 2199 AB,
448 2114 619 2181 τουτέστιν
637 2121 699 2179 τοῦ
716 2109 782 2179 ἄπο
802 2119 878 2198 EA,
902 2121 978 2182 ἴσον
997 2116 1087 2184 ἐστὶν

72 2225 118 2308 τῷ
147 2218 212 2287 ἀπὸ
237 2228 308 2287 ΑΔ
336 2217 547 2310 τετραγώνῳ,
579 2215 697 2285 κοινὸν
728 2213 918 2306 ἆφηοήσθα
951 2218 988 2287 τὸ
1019 2218 1085 2289 ὑπὸ
1107 2239 1140 2287 ισ

74 2331 190 2392 ΔΑΓ·
214 2324 334 2394 λοιπὸν
353 2325 418 2415 ἄρα
436 2325 473 2393 τὸ
493 2322 558 2393 ὑπὸ
573 2331 647 2410 BA,
662 2330 731 2391 AF
747 2326 851 2407 [Eucl.
864 2325 906 2412 II,
923 2329 954 2409 1]
961 2375 971 2410 ,
994 2352 1086 2395 τουτ-

73 2432 164 2498 έστιν
190 2432 228 2499 τὸ
257 2429 323 2500 ὑπὸ
347 2438 460 2518 ΒΑΓ,
493 2429 574 2518 μετὰ
602 2433 664 2498 τοῦ
688 2427 752 2497 ἀπὸ
777 2436 859 2515 EA,
893 2427 912 2497 ὅ
935 2432 1086 2501 ἐστιντὸ

71 2535 137 2604 ὑπὸ
165 2543 266 2605 ΓΒΑ
299 2542 404 2622 [Euel.
428 2540 471 2626 II,
494 2542 547 2621 3],
585 2544 660 2604 ἴσον
694 2534 783 2603 ἐστὶν
815 2538 861 2624 τῷ
894 2532 959 2605 ὑπὸ
987 2544 1091 2605 AAF

73 2647 289 2729 [Euel.11,2].
329 2654 383 2730 ἴση
404 2643 469 2731 ἄρα
489 2645 596 2729 [Eucl.
606 2643 663 2729 VI,
680 2644 736 2728 163
754 2643 795 2727 V,
811 2645 866 2729 183
885 2643 925 2729 V,
940 2647 973 2726 9]
995 2643 1085 2710 ἐστὶν

70 2748 91 2835 ἡ
115 2758 191 2836 EA,
214 2752 384 2818 τουτέστιν
408 2747 428 2837 ἡ
452 2757 527 2834 BA,
549 2751 589 2837 τῇ
613 2752 689 2814 ΔΓ.
1099 2765 1134 2813 20

138 2889 195 2958 ια’.
233 2889 364 2958 Εὐθεῖα
387 2887 408 2977 η
432 2898 512 2974 AB,
541 2885 595 2975 ἐφ’
616 2879 656 2975 ἧς
677 2892 700 2973 ᾧ
725 2886 908 2974 σημεῖατὰ
933 2893 1034 2973 Γ,Α,
1054 2894 1086 2955 E

70 2993 192 3080 οὕτως,
226 2993 310 3064 ὥστε
338 3005 415 3082 ἴσην
442 2995 503 3083 μὶν
532 2993 619 3063 εἴναι
641 2991 704 3080 την
726 3000 792 3060 ΒΕ
811 2996 851 3080 τῇ
874 2998 951 3078 EF,
983 2991 1020 3061 τὸ
1046 2993 1084 3061 δὲ

69 3098 136 3169 ὑπὸ
159 3110 266 3170 AEA
288 3105 333 3193 τῷ
357 3099 422 3168 ἄτιὸ
445 3107 525 3168 ΒΓ·
560 3098 610 3168 ὅτι
634 3103 775 3185 γίνεται,
805 3096 849 3179 ὡς
871 3096 892 3185 η
916 3105 978 3165 ΒΑ
1001 3102 1083 3185 πρὸς

70 3213 145 3293 ΑΓ,
170 3205 276 3287 οὕτως
298 3205 319 3295 ἡ
343 3213 407 3273 BA
430 3211 512 3294 πρὸς
536 3211 610 3273 ΔΓ.

140 3442 165 3490 2.
185 3431 256 3505 ὅπερ
271 3434 330 3490 ἔδει
345 3437 481 3508 ὃεῐξαι]ο
501 3436 580 3491 codd.
642 3439 665 3487 7.
685 3431 771 3502 ΒΓΑ]
790 3434 877 3485 ΕΑΓ
893 3432 981 3501 codd,
1000 3439 1080 3488 ΑΓΒ

70 3505 190 3562 Hultsch
209 3523 272 3561 oum
289 3505 410 3562 Halleio.
490 3514 515 3562 8.
535 3504 622 3577 ΒΓΑ]
640 3506 720 3558 ΑΓΒ
739 3500 858 3558 Hultsch
878 3519 941 3558 cum
959 3504 1078 3562 Halleio.

866 3593 920 3646 11*
