2444 3892
467 820 511 884 In
534 822 674 886 librum
697 819 754 886 IV.

168 964 263 1028 Liber
291 966 440 1048 quartus,
468 963 513 1026 mi
540 961 727 1047 Anthemie,
758 963 1018 1046 disquisitionem
1041 985 1118 1029 con·
1178 1027 1183 1038 ,

100 1071 196 1154 tinet,
229 1074 308 1155 quot
339 1070 444 1135 modis
476 1069 634 1134 sectiones
664 1090 820 1134 concrum
848 1072 881 1132 et
908 1071 993 1134 inter
1021 1093 1056 1134 se
1084 1075 1117 1135 et

101 1199 175 1241 cum
202 1177 327 1241 ambitu
351 1176 462 1240 circuli
486 1178 681 1240 concurrant
705 1175 774 1264 siue
799 1176 1022 1261 contingentes
1047 1177 1116 1242 siue
1185 1167 1187 1170 ’

101 1286 262 1366 secantes²
286 1286 337 1346 est
360 1285 468 1346 autem
493 1282 623 1366 elegans
648 1285 681 1345 ct
698 1281 892 1364 perspicuus
916 1282 971 1367 iis,
994 1283 1050 1367 qui
1073 1284 1117 1347 le·

100 1394 192 1473 gent,
220 1389 360 1453 maxime
388 1389 424 1451 in
450 1391 564 1452 nostra
592 1387 747 1471 editione3
779 1408 838 1453 neo
867 1389 997 1455 scholiis
1026 1393 1115 1475 eget3

100 1495 329 1561 adnotationes
338 1492 363 1582 ¹)
397 1495 484 1559 enim
515 1495 659 1578 explent,
692 1495 719 1558 si
745 1495 826 1578 quid
854 1495 952 1560 deest.
1003 1517 1116 1562 omnes

100 1623 178 1666 uero
203 1603 444 1687 propositiones
469 1603 537 1666 eius
561 1624 619 1685 per
642 1602 865 1692 reductionem
884 1603 919 1666 in
938 1602 1116 1667 absurdum

100 1709 380 1793 demonstrantur,
411 1730 475 1792 qua
506 1709 634 1774 ratione
665 1709 767 1801 etiam
794 1708 945 1773 Euclides
977 1709 1016 1773 de
1049 1730 1116 1774 scc-

98 1812 245 1876 tionibus
274 1817 307 1875 et
335 1817 487 1877 contactu
515 1814 629 1878 circuli
657 1814 894 1878 demonstrauit
921 1805 1037 1894 [Elem.
1056 1812 1116 1899 ΙΙΙ,

101 1921 156 2003 10,
185 1918 251 2001 13].
306 1939 389 2002 quae
420 1919 506 1982 ratio
539 1922 572 1982 et
603 1917 775 1983 Aristoteli
808 1918 916 2004 [Anal.
944 1942 991 2002 pr.
1019 1919 1051 2004 I,
1081 1922 1114 2001 7]

99 2026 189 2089 utilis
223 2025 468 2107 necessariaque
498 2024 627 2088 uidetur
654 2029 688 2089 et
715 2025 904 2175 geometris,
937 2027 972 2089 in
1000 2026 1115 2110 primis
1155 2009 1156 2013 ¹

97 2131 293 2197 Archimedi

167 2238 318 2320 perlectis
341 2237 442 2322 igitur
464 2236 516 2300 his
539 2235 587 2301 IV
611 2235 703 2300 libris
727 2236 788 2304 tibi
810 2168 921 2302 lioehit
906 2241 1002 2322 tper
1019 2240 1116 2305 ratio-

97 2366 173 2408 nem
193 2345 377 2409 oonioorum
398 2343 516 2426 omnia,
540 2364 621 2445 quae
640 2343 790 2426 proposit
792 2365 810 2407 a
830 2348 932 2423 erunt,
949 2345 1114 2424 resoluere

98 2455 130 2514 et
159 2472 359 2534 componere.
408 2471 508 2533 quare
533 2449 630 2514 etiam
654 2449 884 2532 Apollonius
874 2473 944 2533 ipse
967 2451 1003 2514 in
1026 2452 1114 2535 prin·

97 2557 180 2639 cipio
205 2558 312 2640 operis
336 2556 424 2637 dicit,
446 2555 494 2620 IV
519 2556 622 2621 libros
646 2556 719 2620 ad
710 2578 788 2619 1ns1
763 2557 951 2621 titutionem
975 2558 1114 2622 elemen-

96 2667 201 2726 tarem
237 2663 319 2746 [lp.
342 2664 377 2747 4,
402 2665 435 2743 1]
470 2662 630 2747 sufficere,
662 2662 804 2746 reliquos
838 2645 946 2727 autem
976 2645 1112 2728 ulterius

96 2769 249 2854 progredi
274 2768 353 2854 [Ip.
372 2770 404 2854 4,
422 2770 489 2850 22].

169 2928 195 2993 1)
224 2924 301 2991 Fuit,
330 2942 393 2980 cum
425 2925 599 2981 coniicerem.
615 2927 828 2994 καταγραφαί,
859 2925 909 2979 sed
932 2941 1005 2979 nuno
1030 2924 1112 2979 credo

96 2995 249 3065 significari
268 2996 368 3050 breues
388 2995 452 3050 illas
470 2998 561 3064 notas,
581 2995 681 3063 quihus
699 2996 731 3050 in
749 2997 829 3054 codd.
848 2996 1113 3052 mathematicorum

96 3065 306 3136 propositiones
326 3070 478 3136 usurpatae
497 3066 544 3122 uel
557 3065 646 3136 ipsius
662 3065 754 3136 operis
772 3067 819 3121 uel
834 3065 960 3122 Euclidis
975 3066 1111 3134 citantur3

94 3140 167 3192 tales
186 3137 274 3205 igitur
287 3137 422 3193 Eutocius
441 3138 488 3193 uel
507 3137 648 3192 addidisse
667 3137 714 3193 uel
733 3137 764 3190 in
781 3138 838 3192 euie
856 3139 936 3194 codd.
952 3138 1112 3194 conicorum

97 3207 239 3269 inuenisse
258 3209 400 3277 putandus
422 3211 472 3277 eet,
491 3225 660 3279 quamquam
678 3209 708 3263 in
726 3207 829 3262 nostris
848 3209 957 3264 desunt.

96 3350 209 3421 seriptis
222 3349 327 3404 litteris
343 3351 406 3493 opp
419 3369 448 3420 p.
504 3357 546 3406 13.
559 3346 729 3422 Ἀρχιμήδει]
748 3367 838 3420 comp.
849 3369 876 3421 p,
889 3348 1051 3422 Ἀρχιμήδηι
1065 3353 1111 3408 W.

414 3440 442 3491 p,
461 3425 639 3492 aouppucios
652 3422 697 3478 W.
753 3427 794 3478 17.
816 3424 902 3492 φησίν
916 3424 962 3492 W,
981 3440 1072 3494 comp.
1082 3442 1110 3494 p.

895 3511 950 3565 23*

133 3429 174 3477 15.
193 3423 385 3492 πραγματείας
