2444 3892
250 153 399 205 nuroorr
419 151 684 207 oouusnrmus
701 157 741 209 m
759 155 901 209 comcs.
1012 154 1078 219 269

128 290 309 380 propositio
338 299 448 361 autem
476 296 575 361 etiam
603 296 642 361 de
671 298 830 381 oppositis
861 298 1079 364 demonstrari

56 405 179 488 potest.

413 488 470 554 Ad
493 512 588 575 prop
611 489 727 556 XLVI.

129 613 221 680 Haeo
235 613 418 700 propositio
437 615 619 699 complures
633 615 732 680 habet
742 637 845 694 ossus,
857 637 937 700 quos
947 617 1079 682 demon-

59 721 242 787 strabimus
258 721 298 785 ad
311 743 404 789 ossus
418 721 653 805 propositionis
667 719 760 788 XLII
775 722 1079 790 animaduertentes.

129 827 269 911 exempli
302 831 411 892 autem
444 826 566 912 gratia,
582 828 627 891 'si
656 831 683 890 Z
713 829 748 892 in
775 831 804 892 Β
833 829 933 913 eadit,
966 829 1079 894 statim

60 935 220 1000 dicemus:
244 933 397 1018 quoniam
421 936 472 997 est
496 934 600 1017 [prop.
619 933 724 1015 XLII]
750 939 854 1000 ΒΔΑ
870 965 911 987 --
926 937 1079 1019 ΘΒΔΜ,

57 1040 240 1126 auferatur,
274 1039 360 1123 quod
383 1060 553 1104 commune
582 1043 645 1124 est,
674 1044 839 1125 NMAB3
871 1041 994 1125 itaque,
1023 1041 1079 1124 qui

59 1147 269 1231 relinquitur,
292 1146 475 1229 triangulus
499 1149 531 1209 A
536 1149 575 1209 N
577 1149 622 1211 M
631 1177 673 1198 =
688 1150 727 1210 N
728 1151 799 1212 ΘΒ.

131 1253 168 1316 in
190 1252 317 1336 reliqua
340 1255 450 1317 sutem
473 1251 579 1337 figura
602 1251 758 1318 dicemus:
783 1254 937 1336 quoniam

285 1363 390 1422 ΑΕΔ
405 1389 447 1411 =
462 1363 612 1423 oBAM
631 1361 734 1443 [prop.
753 1359 858 1440 XLII]

169 1496 211 1518 =
226 1468 437 1546 ΚΗΔΜ-Ι-
453 1468 613 1528 HZE=
629 1467 790 1547 ΖΚΝ-Ι-
807 1469 973 1550 NEAM,

63 1571 240 1655 auferatur,
255 1571 341 1654 quod
357 1592 527 1636 commune
538 1574 595 1654 est,
609 1574 648 1634 Ν
650 1574 774 1657 EAM3
789 1571 850 1636 erit
859 1571 961 1657 igitur
971 1572 1079 1656 etism,

63 1679 122 1762 qui
143 1677 347 1762 relinquitur,
370 1677 555 1761 triangulus
579 1681 653 1741 AN
654 1681 699 1741 M
708 1708 750 1730 =
766 1681 800 1741 K
805 1681 881 1744 ZN.

401 1851 457 1917 Ad
480 1876 584 1938 prop.
608 1852 741 1918 XLVII.

131 1976 222 2043 Haeo
244 1977 425 2061 propositio
448 1979 483 2042 in
505 1977 686 2062 hyperbole
703 1975 840 2041 totidem
859 1977 959 2042 habet
978 1999 1081 2062 ossus,

64 2088 147 2169 quot
170 2084 365 2168 praecedens
389 2084 422 2148 in
446 2084 603 2168 parabola
625 2083 756 2166 habuit,
785 2082 1079 2150 demonstrationes

65 3149 176 3211 autem
200 3167 311 3211 eorum
336 3145 513 3211 efficiemus
537 3146 578 3211 ad
602 3169 695 3212 casus
719 3145 954 3231 propositionis
973 3143 1082 3209 XLIII

65 3250 374 3336 animaduertentes,
397 3255 429 3316 et
452 3252 488 3316 in
511 3253 616 3336 ellipsi
640 3274 766 3336 quoque
788 3251 1081 3317 demonstrationes

139 3424 172 3479 In
188 3425 250 3496 sig.
272 3431 285 3479 1
306 3442 360 3480 om.
378 3430 403 3479 A
421 3424 467 3493 W,
486 3442 537 3495 pro
557 3428 589 3479 N
604 3425 669 3480 hab.
691 3429 718 3478 Η
737 3423 782 3478 W.

140 3497 172 3551 In
189 3496 250 3566 rig.
271 3502 287 3551 3
306 3512 357 3566 pro
376 3501 400 3550 Δ
418 3497 483 3553 hab.
502 3503 537 3564 A,
561 3514 611 3567 pro
630 3501 655 3551 E
672 3495 738 3551 hob.
760 3498 796 3563 Ο,
822 3498 847 3549 O
865 3497 895 3550 et
913 3498 945 3549 N
962 3513 1016 3552 om.
1035 3495 1080 3552 W.
