2444 3892
164 152 265 207 LXXX
535 152 810 207 PROLEGOMENa

164 292 345 348 nominantur
363 291 495 346 diametri
513 291 658 362 mugenibi
677 291 810 348 sectionis
832 292 983 350 diminute.
1024 296 1065 352 Et
1082 312 1134 366 que
1148 312 1175 352 ex

165 374 205 428 eis
224 375 274 440 est,
294 371 370 426 cuius
385 371 554 441 principium
573 374 664 426 estex
678 374 783 441 puncto
797 372 1031 431 circumferentia
1046 375 1174 447 sectionis,

165 454 195 507 et
213 451 273 506 eius
292 450 382 505 altera
400 451 562 506 extremitas
581 450 729 505 abreuiate
743 452 786 507 est
803 469 822 506 a
835 450 1072 510 circumferentia
1086 455 1174 511 sectio

165 530 208 585 nis
224 533 273 585 aut
286 530 438 599 pertransit
452 548 523 599 eam,
541 529 703 586 nominetur
717 530 855 587 diameter
868 532 1011 589 absolute.
1043 535 1174 590 Diometer

138 625 241 678 onero,
260 625 313 679 que
333 610 496 664 nominator
514 609 645 678 secunda,
663 626 721 664 non
740 613 784 666 est
800 611 855 665 uisi
872 611 903 665 in
921 612 1037 669 duabus
1057 614 1174 671 sectioni·

164 689 218 744 bus
242 688 381 759 oppositis
407 694 435 745 et
458 689 561 744 transit
587 706 639 758 per
661 692 788 745 centrum
815 691 977 760 ambarum,
1009 697 1043 749 et
1064 695 1173 750 narrabo

164 768 235 823 illud
258 770 288 824 in
309 771 364 825 fine
389 770 575 826 sextodecimo
598 768 688 840 figure
711 769 794 825 huius
817 771 967 826 uectatus.
1007 773 1049 828 Et
1068 772 1174 829 sectioni

165 848 279 917 quidem
297 850 401 905 mukefi
418 866 476 904 non
494 850 538 904 est
554 848 610 904 nisi
627 866 699 904 unus
718 850 791 917 axis3
815 850 935 905 sectioni
953 866 1026 906 nero
1047 853 1175 909 diminuto

166 932 231 984 eunt
254 930 308 985 duo
332 946 398 984 axes
421 929 497 985 intra
519 928 621 997 ipsam;
650 945 748 983 uerum
771 929 867 985 addite
886 929 931 985 est
949 931 1015 987 axis
1033 950 1109 988 unus
1126 950 1175 988 mu·

126 1010 263 1080 rogauit,
292 1011 321 1065 et
343 1014 388 1066 est
409 1008 472 1078 ille,
501 1010 549 1077 qui
573 1010 650 1064 secat
672 1008 762 1063 lineas
786 1008 892 1064 ordinis
911 1011 1075 1067 secundum
1094 1016 1174 1069 rectos

165 1088 296 1159 angulos,
321 1090 381 1144 siue
406 1089 467 1158 ipse
486 1087 525 1142 sit
541 1088 617 1142 intra
636 1088 788 1144 sectionem
811 1087 871 1143 siue
890 1092 971 1145 extre
989 1089 1104 1163 ipsam,
1126 1093 1175 1147 siue

164 1185 229 1238 pars
253 1168 313 1224 eius
331 1169 405 1222 intra
424 1166 577 1222 sectionem
601 1169 631 1222 et
649 1185 713 1238 pars
733 1167 793 1222 eius
812 1170 892 1223 extra
908 1169 1017 1241 ipsam,
1047 1175 1079 1228 et
1097 1171 1175 1228 ostri

165 1249 225 1302 axis
245 1249 317 1303 alter
335 1250 456 1314 erectus,
481 1251 509 1301 et
528 1247 676 1302 ostendam
699 1248 770 1302 illud
791 1247 1033 1317 insequentibus.
1073 1251 1113 1306 st
1129 1268 1175 1306 non

166 1329 271 1382 cadunt
299 1343 363 1381 axes
391 1327 582 1397 muzdeguege
605 1326 661 1382 nisi
684 1328 714 1381 in
737 1327 908 1384 sectionibus
932 1329 1080 1398 oppositis
1104 1329 1175 1386 ctio

126 1420 151 1462 15
166 1405 320 1461 diminutis.
349 1407 445 1460 tamen
464 1409 492 1461 et
510 1407 672 1461 nominatur
689 1407 765 1462 linea
784 1410 878 1463 erecta
890 1407 975 1476 linea,
995 1426 1175 1481 superquam

164 1488 284 1556 possunt
299 1486 373 1540 linee
392 1488 534 1553 protracte
553 1486 589 1541 ad
609 1485 779 1542 diametrum
798 1487 949 1542 secundum
968 1489 1111 1546 ordinem.

237 1600 297 1653 Hoc
316 1598 556 1670 interpretationis
575 1601 765 1672 fragmentum
784 1618 817 1656 ex
835 1601 957 1658 Arabico
979 1602 1095 1660 factum
1113 1621 1174 1673 esso,

166 1678 317 1733 ostendunt
335 1679 473 1734 uocabulo
489 1680 609 1735 Arabica
626 1680 750 1750 munani,
769 1681 911 1751 mugenib,
928 1682 1051 1752 mukefi3
1071 1688 1173 1741 etcum

164 1757 211 1822 iis,
235 1775 307 1827 quae
326 1758 425 1814 Nixius
450 1761 484 1814 de
503 1761 600 1815 ordine
619 1760 747 1816 codicum
764 1759 949 1817 Arabicorum
973 1778 1089 1819 mecum
1108 1781 1172 1821 com·

163 1837 319 1894 munioauit
329 1843 366 1908 (u.
377 1857 461 1909 supra
469 1859 497 1910 p.
507 1840 597 1895 LXXI
602 1842 664 1910 sq.)‚
675 1839 780 1909 optime
791 1840 951 1897 concordet.
970 1840 1173 1913 interpretatio,

164 1918 237 1974 sicut
254 1921 298 1975 tot
317 1919 391 1975 aliae
411 1919 536 1976 eiusdem
555 1921 675 1990 generis,
694 1919 806 1975 saeculo
821 1919 874 1974 XII
886 1920 934 1974 uel
948 1918 1017 1975 ΧΠΙ
1035 1921 1117 1979 facte
1129 1925 1172 1991 est,

163 2000 285 2056 fortasse
305 2017 322 2055 a
337 2000 460 2056 Gerardo
475 1999 664 2071 Cremonensi,
683 1998 816 2068 quonism
829 1999 859 2055 in
874 1998 1019 2056 codicibus
1034 2018 1101 2058 cum
1116 2019 1173 2072 ope

164 2081 241 2134 ribus
266 2082 301 2135 ab
326 2096 359 2136 eo
383 2079 530 2135 translatis
549 2079 728 2149 coniungitur
747 2080 784 2149 (u.
804 2079 983 2134 Witstenfeld
1002 2081 1057 2138 Die
1076 2082 1175 2140 Ueber·

163 2163 317 2228 setzungen
335 2160 497 2215 arabischer
515 2158 619 2213 Werke
639 2160 669 2213 in
687 2159 737 2213 das
756 2157 933 2214 Lateinische
952 2177 980 2229 p.
995 2163 1051 2230 79).

56 2248 192 2296 eusrupuur
237 2237 345 2293 Primus
369 2240 493 2294 codicem
517 2237 654 2292 Graecum
678 2238 842 2294 doricorum
869 2238 906 2292 ad
928 2238 1109 2296 occidentem
1131 2240 1173 2296 ed·

164 2314 231 2371 tulit
249 2317 413 2372 Francisous
432 2317 603 2387 Philelpbus.
640 2315 665 2371 is
689 2318 764 2371 enim
783 2335 798 2373 e
818 2317 936 2373 Graecia
954 2334 979 2373 a.
1000 2324 1071 2376 1411
1090 2321 1173 2377 redux
1214 2370 1216 2381 .

163 2395 192 2449 in
211 2395 333 2465 epistota
352 2397 388 2451 ad
402 2399 581 2453 Ambrosium
595 2395 756 2451 Treuersari
770 2398 844 2452 inter
857 2397 944 2452 libros
958 2398 1088 2469 rariores,
1108 2415 1172 2470 quor

163 2493 198 2530 ex
216 2475 316 2531 itinere
339 2478 545 2547 reportauerat‚
568 2476 654 2530 etiam
673 2475 856 2543 Apollonium
873 2477 1030 2546 Pergaeam
1048 2480 1173 2537 nominet

163 2559 236 2628 (epp.
256 2557 398 2611 Ambrosii
413 2558 495 2613 Trau.
511 2555 553 2611 ed.
569 2553 667 2610 Mehus
686 2555 785 2624 XXIV,
806 2563 839 2611 32
858 2576 885 2626 p.
902 2561 972 2610 1010
991 2557 1122 2615 Bononia
1137 2558 1172 2614 id.

235 2778 258 2826 1.
284 2769 421 2840 dyametri
439 2769 475 2824 Β.
548 2766 704 2839 mugelnibi
725 2766 759 2836 0,
785 2768 925 2838 mugebon
942 2769 979 2824 Β.
1071 2777 1096 2826 2.
1122 2770 1171 2840 eis]

162 2841 219 2897 illis
238 2843 302 2898 BG.
367 2841 410 2895 est
441 2856 491 2895 om.
510 2841 545 2895 Β.
616 2839 662 2911 ex]
679 2842 729 2894 crit
747 2855 781 2893 ex
798 2839 835 2894 A.
908 2846 933 2895 3.
952 2840 1122 2897 ebbreuiata
1139 2842 1172 2897 Β.

198 2920 223 2968 1.
243 2914 387 2982 dyameter
430 2954 436 2967 .
492 2911 643 2980 Dyameter
661 2912 697 2966 Β.
758 2915 781 2964 5.
802 2909 936 2982 secunda]
956 2927 1007 2966 om.
1025 2912 1063 2968 B.
1119 2911 1172 3035 mei

162 3000 212 3039 om.
232 2986 267 3039 Β.
341 2983 383 3054 in]
402 2997 436 3035 ex
454 2983 491 3037 Β.
569 2988 592 3038 6.
617 2981 737 3037 narrabo
756 2980 827 3037 illud
846 2981 875 3036 in
893 2982 960 3054 fine]
980 2981 1010 3036 in
1028 2983 1083 3037 fine
1102 2981 1153 3037 illu

161 3055 275 3110 rariabo
295 3056 330 3110 Β.
413 3060 436 3107 7.
457 3052 614 3107 sexdecimo
635 3052 668 3119 0,
692 3051 830 3108 sedecimo
849 3053 885 3107 Β.
967 3059 992 3108 8.
1011 3055 1121 3110 mukesi
1139 3053 1173 3108 Β.

198 3124 331 3180 sectionis
350 3127 385 3181 Β.
467 3129 492 3178 9.
514 3124 582 3195 duo]
602 3141 652 3179 om.
671 3125 707 3180 Β.
784 3122 886 3193 ipsam]
910 3122 1003 3191 ipsum
1021 3125 1058 3180 Β.
1134 3131 1173 3180 11.

162 3193 210 3267 sit]
231 3195 288 3249 sint
301 3197 338 3253 Β.
411 3199 452 3249 12.
473 3195 625 3267 eius(pr.)]
647 3211 697 3250 om.
716 3194 753 3250 B.
825 3194 929 3264 ipsam]
950 3211 1000 3249 om.
1019 3197 1056 3251 Β.
1132 3201 1173 3250 14.

160 3265 365 3337 muzdeguege]
385 3267 578 3336 muzdognage
597 3283 667 3322 corr.
687 3269 718 3321 in
736 3265 927 3334 muzdoguege
946 3283 980 3320 m.
999 3269 1020 3320 2
1040 3266 1075 3336 0,
1100 3284 1172 3321 muz·

162 3334 319 3403 dagnagem
338 3340 374 3393 B.
449 3343 490 3392 lt.
509 3339 619 3462 temen}
637 3341 679 3393 tu
698 3335 793 3392 ABG.
866 3336 907 3407 et]
926 3340 993 3392 rat
1014 3336 1043 3404 0,
1061 3354 1120 3392 non
1138 3337 1172 3392 Β.

196 3403 285 3478 linea]
303 3424 338 3463 m.
357 3415 376 3465 2
397 3409 431 3477 0,
450 3426 499 3465 om.
519 3410 556 3464 B.
621 3408 698 3480 inea]
718 3425 768 3463 om.
783 3407 820 3462 Β.
885 3412 927 3463 16.
946 3410 1065 3476 possunt
1082 3407 1172 3478 lineo]

160 3474 253 3547 posite
272 3479 338 3530 sunt
356 3479 430 3535 lineo
449 3480 480 3549 O,
498 3478 571 3535 lineo
590 3479 682 3550 posite
702 3483 765 3533 sunt
784 3479 820 3533 Β.
894 3477 1071 3546 dyametrum
1090 3480 1126 3535 Β.
