2444 3892
120 114 188 179 248
404 108 668 165 COMMENTARIA
684 108 854 175 ANTIQUA.

192 258 245 322 δεῖ
266 253 381 340 μέντοι
404 253 542 335 εἰδέναι,
566 247 618 319 ὅτι
640 245 720 317 καθ’
746 247 890 335 ἑκάστην
912 244 1024 336 τομὴν
1049 273 1144 316 κατα-

122 365 253 447 μραφαί
283 363 347 427 εἰσι
380 359 442 426 δύο
474 361 537 425 τοῦ
566 364 593 423 Ζ
626 360 765 443 σημείου
796 350 819 441 ἢ
847 355 999 440 ἐσωτέρω
1027 366 1091 424 τοῦ
1119 361 1147 424 Γ

123 465 382 553 λαμβανομένου
406 461 426 551 ἢ
451 464 610 549 ἐξωτέρω·
634 459 718 530 ὥστε
742 457 830 528 εἶναι
852 461 912 541 τὰς
929 458 1044 541 πιέσας
1064 460 1143 530 πτω-

124 591 193 652 σεις
216 573 257 652 ἐξ.

88 701 104 748 5
191 681 309 765 χρῆται
333 676 371 745 δὲ
393 676 449 745 καὶ
473 675 536 744 δύο
558 673 738 762 λήμμασιν,
761 671 846 762 ἅπερ
866 674 941 761 ἑξῆς
959 672 1142 763 γράψομεν.

192 790 324 872 μεῖζον
358 782 433 871 ἄρα
464 787 505 850 τὸ
538 779 612 849 ὑπὸ
641 783 751 858 ΑΝΞ
776 784 848 848 τοῦ
875 777 949 849 ὑπὸ
978 783 1095 858 ΑΟΞ·
1123 776 1141 867 ἡ

125 899 194 959 ΝΟ
226 890 301 979 ἄρα
333 894 429 978 πρὸς
456 892 518 966 ΞΟ
550 892 706 975 μείζονα
733 889 854 973 λόγον
888 891 964 975 ἔχει
995 885 1096 976 ἤπερ
1122 884 1141 975 ἡ

127 1005 192 1065 OA
223 1001 320 1086 πρὸς
346 1000 437 1079 ΑΝ]
471 994 540 1062 ἐπεὶ
567 995 632 1082 γὰρ
659 998 697 1062 τὸ
725 989 789 1061 ὑπὸ
818 998 906 1077 AN,
933 996 1005 1071 ΝΞ
1032 993 1142 1081 μεῖζόν

127 1108 195 1173 ἐστι
223 1107 283 1172 τοῦ
311 1099 375 1170 ὑπὸ
404 1108 485 1187 AO,
515 1103 590 1185 ΟΞ,
617 1100 766 1186 γινέσθω
794 1103 840 1192 τῷ
869 1096 934 1166 ὑπὸ
964 1107 1055 1186 AN,
1080 1102 1145 1178 ΝΞ

77 1234 111 1282 10
130 1219 206 1279 ι”σον
234 1215 271 1278 τὸ
299 1207 364 1277 ὑπὸ
391 1211 450 1295 τῆς
473 1213 539 1274 AO
561 1206 618 1273 καὶ
643 1204 745 1292 ἄλλης
767 1208 859 1283 τινὸς
880 1208 938 1291 τῆς
961 1208 1047 1292 ΞΠ,
1075 1205 1143 1294 ἥτις

126 1324 246 1405 μείζων
270 1321 360 1384 ἔσται
383 1318 442 1401 τῆς
459 1317 533 1391 ΞΟ·
558 1317 649 1381 ἔστιν
668 1310 745 1400 ἅμα,
769 1308 853 1398 ὥςὴ
875 1317 940 1378 OA
958 1317 1045 1400 πρὸς
1063 1319 1141 1399 AN,

126 1422 147 1509 ἡ
171 1425 241 1499 ΝΞ
265 1427 348 1510 πρὸς
370 1424 446 1497 ΞΠ.
492 1416 513 1505 ἡ
538 1419 575 1487 δὲ
598 1421 669 1494 ΝΞ
691 1422 775 1506 πρὸς
797 1420 860 1495 ΞΟ
882 1421 1018 1505 μείζονα
1042 1419 1143 1506 λόγον

128 1536 193 1617 ἔχει
219 1530 303 1616 ἤπερ
331 1531 414 1614 πρὸς
441 1525 503 1610 τὴν
532 1528 611 1600 ΞΠ·
641 1524 697 1591 καὶ
724 1521 745 1611 ἡ
776 1531 841 1591 OA
869 1522 935 1612 ἄρα
961 1523 1048 1614 πρὸς
1076 1532 1146 1594 AN

127 1634 288 1703 ἐλάττονα
310 1634 414 1717 λόγον
438 1635 503 1718 ἔχει
527 1630 609 1718 ἥπερ
634 1627 654 1717 ἡ
679 1633 749 1707 ΝΞ
769 1630 854 1719 πρὸς
876 1632 946 1708 ΞΟ.

74 1762 108 1810 15
194 1735 345 1826 φανερὸν
369 1740 410 1823 δὴ
434 1735 545 1805 καὶτὸ
565 1734 745 1823 ἀνάπαλιν,
769 1734 832 1824 ὅτι,
850 1733 913 1805 κᾶν
932 1734 953 1824 ἡ
974 1741 1046 1816 ΝΞ
1061 1739 1141 1828 πρὸς

128 1848 190 1923 ΞΟ
213 1850 348 1932 μείζονα
371 1843 475 1930 λόγον
499 1849 556 1934 ἔχῃ
580 1843 662 1932 ἤπερ
686 1840 707 1930 ἡ
730 1850 795 1911 ΟΑ
813 1846 898 1932 πρὸς
916 1851 999 1931 AN,
1022 1844 1062 1914 τὸ
1080 1843 1141 1914 ὑπὸ

127 1957 206 2040 ΞΝ,
230 1959 301 2021 NA
324 1951 436 2040 μεῖζόν
461 1955 529 2021 ἐστι
552 1955 613 2020 τοῦ
636 1948 703 2019 ὑπὸ
729 1958 804 2038 AO,
831 1954 899 2029 ΟΞ.

196 2061 344 2147 γινέσθω
368 2059 449 2148 γάρ,
479 2058 524 2140 ὡς
548 2060 569 2146 ἡ
596 2066 660 2126 OA
683 2058 766 2146 πρὸς
790 2064 875 2142 AN,
905 2055 1010 2138 οὕτως
1033 2056 1056 2145 ἡ
1079 2058 1145 2134 ΝΞ

128 2166 211 2253 πρὸς
238 2173 372 2254 μείζονα
401 2166 558 2252 δηλονότι
586 2178 644 2253 τῆς
666 2168 728 2241 ΞΟ
757 2161 801 2243 ὡς
823 2162 884 2250 τὴν
908 2167 988 2240 ΞΠ·
1015 2165 1056 2232 τὸ
1080 2163 1141 2253 ἄρα

75 2289 109 2338 20
130 2271 194 2341 ὑπὸ
216 2275 294 2358 ΞΝ,
318 2279 389 2339 NA
414 2281 488 2341 ἴσον
513 2271 582 2339 ἐστὶ
604 2275 649 2361 τῷ
673 2269 739 2339 ὑπὸ
764 2278 840 2357 AO,
864 2273 945 2348 ΞΠ·
970 2267 1055 2339 ὥστε
1079 2284 1142 2358 μεῖ-

131 2380 187 2461 ζόν
213 2383 281 2448 ἐστι
304 2377 341 2446 τὸ
366 2377 432 2446 ὑπὸ
452 2381 529 2463 ΞΝ,
554 2383 625 2443 ΝΑ
652 2381 713 2444 τοῦ
737 2375 803 2446 ὑπὸ
826 2384 902 2463 AO,
928 2380 997 2454 ΟΞ.

514 2574 571 2650 εἰς
592 2568 635 2638 τὸ
658 2569 763 2639 αὐτό.

197 2696 279 2767 ἀλλ’
315 2695 365 2778 ὡς
391 2694 462 2784 μὲν
489 2694 532 2763 τὸ
561 2691 635 2762 ὑπὸ
666 2701 747 2781 ΒΚ,
774 2704 851 2764 AN
873 2695 970 2784 πρὸς
996 2697 1039 2765 τὸ
1071 2695 1144 2764 ιἰιιὸ

131 2811 208 2891 ΓΠ,
232 2806 273 2872 τὸ
299 2801 372 2872 ὑπὸ
393 2809 496 2869 ΒΔΑ
519 2799 615 2889 πρὸς
636 2798 679 2869 τὸ
704 2800 777 2870 ιἰιιὸ
796 2808 877 2888 ΕΛ]
907 2803 976 2872 ἐπεὶ
1001 2795 1066 2871 οὖν
1089 2800 1143 2870 διὰ

203 3007 227 3054 2.
249 2996 320 3054 εἰσιν
334 2998 379 3054 W.
446 2992 585 3068 ἐσωτέρω]
605 3015 631 3066 p,
653 2994 789 3067 ἐσωτέραν
805 2999 849 3054 W.
915 3003 939 3052 5.
958 2995 1025 3069 δύο]
1041 3000 1108 3054 δυσί
1118 3017 1145 3068 p.

167 3093 244 3141 6-3,
266 3068 420 3168 {mgw
477 3091 500 3140 6.
520 3084 565 3157 τό]
585 3091 635 3140 τοῦ
651 3086 775 3155 W,vp‚
795 3102 864 3142 corr.
880 3085 985 3141 Comm.
1042 3089 1146 3156 ΑΝΞ]

132 3174 251 3242 Comm.‚
271 3177 360 3232 ΑΗΞ
376 3174 445 3242 Wp.
536 3172 600 3246 ιὸῦ]
620 3195 635 3228 ι
654 3191 709 3242 seq.
728 3176 779 3228 lae.
801 3181 816 3227 2
836 3175 891 3230 litb.
911 3193 938 3244 p.
1030 3181 1055 3230 8.
1077 3176 1146 3246 ΟΛ]

130 3261 201 3302 corr.
221 3262 255 3300 ex
276 3246 326 3298 ΘΑ
347 3244 390 3299 Ν.
464 3243 508 3316 τό]
529 3247 579 3299 τοῦ
598 3246 673 3315 Wp,
693 3261 761 3300 corr.
782 3245 888 3299 Comm.
961 3251 985 3299 9.
1006 3242 1083 3300 ἐστιν
1102 3247 1146 3300 W.

167 3315 230 3388 τοῦ]
245 3335 261 3369 τ
275 3331 332 3382 seq.
347 3315 399 3374 lac.
415 3333 440 3384 p.
494 3323 535 3372 12.
556 3317 628 3388 ΞΟ]
648 3333 716 3373 corr.
732 3332 764 3370 ex
780 3316 835 3372 ΞΘ
849 3316 894 3372 W.
946 3320 987 3370 13.
1007 3311 1077 3388 ἄρα]
1093 3335 1147 3373 om.

130 3386 201 3457 Wp,
221 3404 290 3475 οομτ.
310 3383 416 3442 Comm.
491 3394 531 3442 14.
553 3384 703 3514 {³⁰²³va
724 3389 838 3457 μείζονα
856 3386 930 3456 Wp,
949 3403 1019 3442 corr.
1040 3387 1146 3443 Comm.

169 3466 210 3514 15.
231 3458 279 3531 δη]
295 3475 310 3514 ο
325 3475 394 3515 corr.
410 3476 436 3529 p.
495 3466 537 3515 16.
553 3458 616 3531 ἔχῃ]
630 3459 675 3514 Ha
699 3475 740 3528 ey,
756 3456 814 3527 ἔχει
830 3457 897 3527 Wp.
955 3463 996 3513 17.
1012 3453 1088 3514 ἐστιν
1102 3459 1146 3515 W.
