2444 3892
294 165 445 218 EUTOOII
464 164 726 217 COMMENTARIA
744 165 783 215 IN
802 165 944 219 courel.
1056 163 1122 228 2ἶό

302 326 359 390 Ad
378 326 576 411 epilogum
601 325 629 405 [Ι
648 347 679 408 p.
701 326 773 409 158,
795 327 925 407 1-15].

175 451 417 517 Diametrum
460 451 692 534 originalem
731 455 846 516 uocat
883 451 964 536 [lp.
994 451 1065 538 158,
1088 455 1122 535 2]

104 560 283 624 sectionem
311 558 347 622 in
375 579 456 623 cono
485 555 605 621 factam
634 579 837 622 communem
866 558 955 642 plani
983 560 1122 624 secantis

104 665 326 751 triangulique
369 685 427 749 per
470 685 562 728 axem
604 664 716 747 positi3
757 664 841 729 hanc
878 669 986 729 autem
1023 667 1122 730 etiam

106 773 303 837 diametrum
325 770 538 855 principalem
562 772 659 833 uocat
683 769 763 854 [lp.
784 770 943 855 158,14].
985 774 1017 834 et
1036 771 1122 856 dicit,

105 901 219 946 omnes
239 877 455 962 proprietates
476 874 666 959 sectionum,
690 897 771 959 quae
789 877 825 940 in
842 877 1122 961 propositionibus

104 983 374 1071 praecedentibus
394 982 637 1047 demonstratae
661 982 728 1046 sint
752 985 1008 1067 supponentibus
1026 985 1122 1049 nobis

105 1093 302 1156 diametros
317 1089 504 1174 originales,
537 1089 636 1153 etiam
670 1091 821 1155 omnibus
851 1091 923 1156 aliis
953 1091 1122 1156 diametris

105 1197 285 1283 suppositis
309 1197 437 1261 euenire
460 1216 564 1278 posse.

467 1387 522 1452 Ad
546 1411 651 1473 prop.
675 1389 758 1456 LIV.

176 1517 225 1582 Et
267 1517 306 1581 in
342 1518 407 1579 AB
444 1514 602 1598 planum
640 1514 685 1578 ad
722 1517 879 1600 planum
917 1519 1121 1585 subiacens

103 1623 429 1709 perpendiculare
464 1621 652 1705 erigatur,
685 1625 722 1686 et
750 1624 789 1687 in
817 1646 859 1689 eo
887 1625 1028 1690 circum
1056 1629 1121 1690 ΑΒ

105 1727 555 1797 circulusdesoribatur
583 1731 733 1815 ΑΕΒΖ,
764 1729 821 1794 ita
854 1734 895 1795 ut
922 1754 1011 1815 pars
1040 1732 1122 1797 dia·

103 1836 222 1902 metri
264 1833 401 1900 circuli
442 1834 481 1896 in
523 1838 724 1917 segmento
761 1839 860 1900 ΑΕΒ
903 1840 1036 1921 posita
1077 1840 1122 1904 ad

338 2012 361 2056 Ζ
634 1944 798 2021 partem
840 1942 1040 2008 'diametri
1080 1947 1122 2010 in

635 2048 735 2109 ΑΖΒ
754 2047 924 2129 positam
938 2050 1121 2115 maiorem

635 2152 830 2218 rationem
867 2175 942 2218 non
979 2155 1122 2222 habeat

636 2281 748 2343 quam
770 2262 837 2323 AB
851 2283 858 2324 :
874 2260 974 2325 ΒΓΙ
997 2285 1026 2345 p.
1050 2264 1122 2346 166,

492 2345 499 2360 ¹
572 2365 586 2410 ι’
635 2365 823 2448 24-168,
852 2367 890 2447 2]
932 2368 1000 2433 sint
1041 2369 1121 2434 duae

636 2474 743 2536 rectae
768 2476 847 2556 AB,
866 2476 937 2557 ΒΓ,
968 2478 1000 2538 et
1029 2498 1122 2559 opor-

637 2581 708 2642 teat
731 2579 851 2643 circum
874 2584 941 2645 AB
965 2582 1122 2648 circulum

638 2684 836 2768 describere,
883 2684 953 2750 ita.
976 2692 1013 2752 ut
1057 2689 1123 2754 dia-

639 2793 763 2855 metrus
797 2791 865 2856 eius
899 2793 939 2857 ab
972 2798 1042 2859 AB
1075 2797 1122 2861 sic

639 2899 773 2981 secetur,
796 2901 834 2962 ut
851 2921 926 2983 pars
947 2900 1015 2966 eius
1035 2901 1076 2965 ad
1095 2905 1128 2967 Γ

639 3001 748 3085 posita
776 3003 816 3067 ad
840 3005 997 3090 reliquam
1025 3008 1122 3073 ratio·

101 3131 179 3176 nem
204 3109 326 3173 habeat
348 3129 415 3173 non
437 3107 591 3172 maiorem
616 3129 712 3190 quam
736 3115 801 3174 AB
815 3134 822 3175 :
838 3112 908 3177 ΒΓ.

175 3218 380 3300 supponatur
406 3235 491 3278 nunc
519 3212 654 3277 eandem
679 3213 814 3294 habere,
842 3220 874 3282 et
897 3223 961 3282 AB
985 3218 1121 3285 induas

102 3325 216 3406 partes
237 3321 387 3405 aequales
408 3322 534 3384 secetur
552 3319 586 3382 in
605 3323 647 3405 A,
667 3323 699 3384 et
718 3343 777 3404 per
795 3322 828 3386 id
848 3322 887 3386 ad
901 3329 967 3390 AB
986 3348 1120 3411 perpen-

175 3515 207 3568 ln
225 3514 271 3583 fig.
293 3514 318 3565 E
336 3529 373 3566 m.
392 3528 446 3567 reo.
466 3510 511 3578 W,
530 3526 581 3580 pro
600 3515 622 3563 B
641 3511 705 3566 hab.
726 3515 750 3566 E
769 3529 784 3569 o
804 3530 872 3570 corr.

905 3606 958 3660 is*
