2444 3892
598 780 658 853 IV.

521 973 740 1046 EUTOOII

308 1115 662 1191 COMMENTARIA
688 1114 742 1186 IN
772 1113 957 1186 OONIOA.

472 1290 543 1365 Είς
564 1289 606 1353 τὸ
630 1289 793 1371 πρῶτον.

88 1425 107 1473 5
190 1411 412 1490 Ἀπολλώνιος
435 1411 453 1478 δ
477 1410 674 1495 γεωμέτρης,
700 1401 725 1476 ὦ
750 1416 827 1494 φίλε
848 1408 956 1495 ἑταῖρε
972 1405 1140 1496 Ἀνθέμιε,

129 1520 248 1606 γέγονε
271 1516 333 1603 μὲν
356 1516 392 1582 ἐκ
415 1518 549 1604 Πέργης
575 1519 634 1600 τής
661 1517 698 1582 ἐν
721 1521 909 1604 Παμφυλίᾳ
939 1516 976 1581 ἐν
1002 1515 1122 1601 χρόνοι

123 1627 186 1692 τοῦ
215 1619 406 1707 Εὐεργέτου
429 1625 657 1707 Πτολεμαίου,
685 1618 730 1701 ὡς
754 1623 881 1707 ίστορεῖ
900 1618 1078 1707 Ἠρόκλειο
1119 1620 1139 1690 ὁ

123 1735 184 1799 τὸν
208 1733 285 1814 βίον
306 1725 526 1817 Ἀρχιμήδους
544 1726 698 1814 γράφων,
723 1722 759 1807 δς
777 1731 836 1793 καί
851 1747 935 1814 φησι
952 1725 993 1794 τδι
1010 1731 1138 1796 κυνικὰ

124 1834 329 1923 θεωρήματα
353 1835 529 1920 ἐπινοῆσαι
551 1833 615 1921 μὲν
635 1837 770 1921 πρῶτον
786 1836 846 1900 τὸν
862 1831 1054 1920 Ἀρχιμήδη,
1078 1839 1139 1904 τὸν

72 1952 108 2000 10
126 1941 166 2010 δὲ
185 1938 412 2009 Ἀπολλώνιον
435 1938 520 2008 αὐτὰ
543 1938 686 2028 εὑρόντα
703 1937 770 2008 ὑπὸ
787 1936 1006 2027 Ἀρχιμήδους
1024 1939 1070 2027 μή
1090 1943 1139 2009 ἐκ·

50 2070 56 2079 ·
126 2051 273 2117 δοθέντα
297 2046 588 2133 ίδιοποιήσασθαι,
617 2044 678 2114 οὐκ
706 2045 885 2132 ἀληθεύων
907 2046 990 2112 κατα
1013 2073 1050 2132 γε
1073 2047 1137 2134 τήν

126 2153 220 2243 έμήν.
268 2151 344 2222 ὅτε
371 2152 434 2240 γὰρ
461 2152 659 2240 Ἀρχιμήδης
687 2155 723 2220 έν
751 2158 887 2232 πολλοῖς
914 2156 1069 2239 φαίνεται
1094 2151 1140 2233 ὡς

124 2259 344 2345 παλαιοτέρας
376 2269 435 2344 τῆς
465 2257 702 2345 στοιχειιόσεως
733 2261 801 2325 τῶν
832 2260 985 2325 κωνικῶν
1018 2285 1140 2346 μεμνη-

126 2367 238 2452 μένος,
258 2365 313 2431 καὶ
329 2362 347 2432 ὁ
365 2361 586 2442 Ἀπολλώνιος
603 2361 664 2450 οὐχ
679 2359 724 2443 ὥς
738 2367 826 2442 ίδίας
841 2364 989 2444 ἐπινοίας
1001 2364 1140 2454 γράφει·

73 2480 109 2528 15
128 2469 170 2540 οὐ
197 2470 260 2557 γὰρ
289 2466 333 2538 δν
360 2475 424 2556 ἔφη
454 2469 513 2536 ἐπὶ
541 2470 662 2536 πλέον
690 2469 754 2536 καί
781 2469 961 2538 καθόλου
988 2473 1139 2557 μᾶλλον

125 2574 384 2663 ἐξειργάσθαι
415 2580 536 2642 ταῦτα
572 2573 674 2660 παρὰ
710 2574 756 2642 τὰ
786 2572 860 2643 ὑπὸ
893 2581 970 2644 τῶν
1007 2575 1139 2647 ἄλλων

127 2682 387 2768 γεγραμμένα.
437 2679 509 2748 ἀλλ’
541 2678 622 2766 ὅπερ
655 2681 759 2767 φησίν
792 2678 810 2748 ὁ
839 2687 982 2768 Γεμῖνος
1013 2679 1141 2769 αἰληθές

127 2792 230 2870 ἐστιν,
256 2784 305 2853 ὅτι
325 2788 360 2853 oc
380 2786 516 2853 παλαιοὶ
538 2790 650 2854 κῶνον
670 2783 858 2875 ὁριζόμενοι
876 2789 937 2874 τήν
956 2791 1017 2857 τοῦ
1037 2787 1139 2876 ὀρθο-

125 2898 254 2980 γωνίου
277 2891 444 2977 τριγώνου
466 2892 656 2981 περιφορὰν
684 2891 850 2980 μενούσης
872 2897 950 2980 μιᾶς
971 2898 1040 2962 τῶν
1063 2896 1139 2979 περὶ

72 3008 110 3056 20
127 3000 191 3085 τήν
215 2996 326 3085 ὀρθήν
354 2999 488 3076 εἰκότως
515 2999 571 3065 καὶ
597 3000 677 3078 τοὺς
703 2998 834 3078 κώνους
860 3000 987 3080 πιόντας
1010 2997 1141 3087 ὀρθοὺς

126 3102 365 3191 ὑπελάμβανον
389 3107 545 3188 γίνεσθαι
568 3104 622 3170 καὶ
642 3108 722 3191 μίαν
745 3102 852 3191 τομήν
875 3106 912 3172 ἐν
936 3105 1077 3197 ἑκάστῳ,
1103 3110 1142 3175 ἐν

198 3305 223 3356 4.
248 3295 389 3354 Εόιοκίου
406 3293 603 3353 Ἀσκαλωνίτου
623 3295 664 3360 είς
682 3294 713 3352 τὸ
733 3292 763 3351 α’
782 3297 837 3352 τῶν
854 3292 1035 3353 Ἀπολλωνίου
1055 3319 1140 3354 κωνι-

124 3371 185 3425 κῶν
204 3375 254 3439 τής
273 3366 338 3425 κατ’
354 3365 602 3450 αὖτὸνέκδόσεως
619 3363 773 3439 ὑπόμνημα
792 3370 861 3438 Wp.
935 3376 960 3424 6.
979 3367 1091 3442 γέγονε]
1112 3389 1139 3441 p,

82 3474 861 3681 'QMWM'W'OE
