2452 3900
143 156 208 222 326
424 155 688 209 commu
705 155 877 219 ANTIQUA.

141 299 198 366 καὶ
221 294 267 378 ῶς
289 294 356 384 ἄρα
378 293 399 382 ἡ
418 302 491 365 ΛΚ
511 294 595 384 πρὸς
612 303 686 382 ΒΖ,
710 291 731 382 ἡ
751 302 814 363 ΒΘ
831 292 915 382 πρὸς
932 298 1015 360 ΗΘ·
1039 295 1078 360 τὸ
1097 288 1162 378 ἄρα

142 402 207 473 ὑπὸ
232 411 317 490 ΑΚ,
338 410 412 470 ΘΗ
430 401 646 489 ὀρθογώνιον
670 411 746 471 ἴσον
771 401 840 470 ἐστὶ
858 403 904 493 τῷ
922 397 988 469 ὑπὸ
1007 405 1081 484 ΒΖ,
1101 403 1163 465 ΒΘ

144 507 355 601 ὀρθογωνίῳ.
395 510 452 577 καὶ
475 509 546 577 ἐπεὶ
569 517 639 576 ίσαι
662 508 749 577 εἰσὶν
773 511 811 575 αί
826 504 892 577 ὑπὸ
912 511 1031 592 ΗΘΝ,
1056 511 1120 573 ΘΒ
1127 512 1162 591 Ζ,

143 616 203 684 έάν
239 614 488 703 ἀναγράφωμεν
520 613 850 702 παραλληλόγραμμα
882 615 1066 701 βομβοειὸῆ
1096 609 1161 680 ὑπὸ

108 726 211 791 ετῶυ
249 722 361 791 αὐτῶν
397 721 616 810 περιεχόμενα
648 725 803 806 πλευρῶν
834 733 905 800 τοῖς
937 717 1163 806 ὀρθογωνίοις

143 835 218 908 ἴσας
246 833 365 914 ἔχοντα
391 824 450 907 τάς
477 830 560 913 πρὸς
581 839 652 906 τοῖς
674 832 717 910 Θ,
737 832 781 911 Β,
805 832 862 893 ίσα
885 830 976 892 ἔσται
998 825 1054 892 καὶ
1078 823 1163 894 αὐτὰ

144 933 200 1001 διὰ
228 934 290 1021 τὴν
317 937 385 1001 τῶν
412 937 567 1020 πλευρῶν
595 929 895 1018 άντιπεπόυθησιν.
941 935 1034 999 ἔσται
1057 929 1100 1018 δὴ
1123 936 1160 999 τὸ

142 1039 380 1127 περιεχόμενον
408 1037 604 1125 ῥομβοειδὲς
630 1035 698 1106 ὑπὸ
725 1039 794 1106 τῶν
816 1044 894 1123 ΖΒ,
914 1044 977 1105 ΒΘ
1004 1038 1042 1105 έυ
1068 1041 1111 1126 τῇ
1133 1045 1161 1106 Β

142 1150 250 1235 γωνία
278 1144 457 1214 διπλάσιον
484 1155 545 1213 τοῦ
568 1151 664 1212 ΘΒΖ
686 1145 868 1232 τριγώνου·
897 1143 1074 1231 διάμετρος
1097 1144 1160 1231 γὰρ

91 1249 250 1320 1οαῦτοῦ
273 1248 408 1338 έσταιὴ
435 1258 508 1319 ΖΘ·
535 1250 574 1321 τὸ
599 1251 637 1320 δὲ
660 1250 898 1339 περιεχόμενον
922 1247 988 1320 ὑπὸ
1010 1255 1071 1338 τῆς
1092 1258 1160 1320 ΗΘ

141 1358 279 1444 καὶτῆς
302 1367 376 1444 ίσης
397 1361 438 1447 τῇ
463 1363 536 1426 ΑΚ
554 1357 619 1427 ἀπὸ
642 1361 702 1445 τῆς
720 1363 793 1425 ΘΝ
794 1365 826 1425 Δ
848 1354 1101 1445 ἀφαιρουμένης
1124 1357 1160 1426 έν

140 1467 180 1551 τῇ
194 1461 260 1532 ὑπὸ
274 1470 314 1531 Η
315 1472 388 1533 ΘΝ
397 1469 504 1554 γωνία
519 1463 698 1532 διπλάσιόν
712 1465 782 1531 ἐστι
794 1468 857 1533 τοῦ
865 1470 936 1531 ΑΗ
935 1470 964 1531 Θ
977 1462 1159 1550 τριγώνου·

141 1568 196 1637 ἐπὶ
222 1568 287 1655 γὰρ
315 1574 373 1653 τῆς
398 1567 501 1654 αὐτῆς
524 1567 654 1655 βάσεώς
676 1574 741 1638 είσι
764 1574 823 1656 τῆς
838 1576 907 1636 ΗΘ
928 1570 985 1637 καὶ
1008 1567 1074 1638 ὑπὸ
1097 1569 1158 1658 τὴν

141 1676 248 1759 αὐτὴν
265 1673 480 1760 παράλληλον
499 1673 562 1760 τὴν
581 1671 646 1743 ἀπὸ
665 1679 727 1743 τοῦ
743 1685 774 1742 Α
795 1676 884 1763 παρὰ
904 1674 968 1762 τὴν
988 1682 1057 1745 ΗΘ
1079 1675 1158 1763 ιἰγο-

89 1793 122 1841 15
141 1778 255 1864 μένην.
302 1777 384 1848 ῶστε
407 1787 483 1848 ἴσον
506 1780 544 1849 τὸ
569 1787 673 1849 ΑΗΘ
696 1785 743 1871 τῶ
771 1788 874 1849 ΖΒΘ.

545 1963 615 2040 Είς
638 1956 681 2027 τὸ
707 1958 766 2032 ις’.

196 2081 259 2150 ’Ἑν
286 2100 353 2151 τισι
380 2086 448 2150 τῶν
478 2080 696 2171 ἀντιγράφων
723 2087 822 2152 τοῦτο
851 2079 897 2163 ῶς
923 2083 1086 2170 θεώρημα
1115 2083 1160 2163 ῶς

139 2185 180 2268 ιζ’
204 2188 389 2275 παρέκειτο,
414 2193 484 2256 ἔστι
509 2189 546 2258 δὲ
568 2189 650 2258 κατὰ
675 2188 841 2276 ἀλήθειαν
863 2192 988 2270 πτῶσις
1009 2193 1072 2258 τοῦ
1096 2189 1157 2261 ις’·

138 2291 247 2379 μόνον
283 2294 363 2383 γάρ,
401 2292 454 2363 ὅτι
490 2298 528 2362 αί
558 2301 657 2364 ΑΓΒ
690 2293 917 2383 ἐφαπτόμεναι
950 2295 1159 2383 παράλληλοι

85 2412 120 2461 20
138 2404 292 2484 γίνονται
319 2415 390 2481 ταίς
419 2403 622 2488 διαμέτροις,
649 2400 689 2469 τά
719 2401 756 2470 δέ
783 2400 869 2470 άλλα
896 2402 965 2469 ἐστὶ
993 2400 1034 2469 τὰ
1065 2400 1159 2472 αὐτά.

138 2507 175 2572 ἐν
199 2512 345 2593 σχολίοις
369 2499 432 2575 οὖν
456 2511 525 2576 ἔδει
541 2513 641 2577 τοῦτο
660 2518 818 2595 κεῖσθαι,
831 2507 943 2595 ῶσπερ
962 2507 1156 2596 ἐγράψαμεν

137 2611 193 2677 καὶ
217 2617 264 2692 είς
286 2616 323 2681 τὸ
347 2617 406 2699 μα’
428 2618 490 2682 τοῦ
514 2613 548 2681 α’
573 2620 716 2700 βιβλίου.

201 2713 279 2785 Ἐὰν
303 2719 355 2785 ἐπὶ
378 2721 438 2806 τῆς
456 2722 632 2801 ἐλλείψεως
653 2720 710 2787 καὶ
728 2723 790 2788 τοῦ
807 2719 934 2788 κύκλου
957 2723 996 2788 αί
1012 2721 1070 2789 διὰ
1092 2725 1160 2791 τῶν

142 2818 356 2827 ὴ*-

174 2858 329 2984 ...W
343 2861 545 3004 γεω
565 2861 933 3005 ww
953 2860 1158 3000 οπερ·

137 3017 173 3055 m.
190 3005 204 3053 1
224 2998 269 3055 W.
337 3008 361 3057 6.
381 3001 443 3075 τάς]
464 3002 571 3072 addidi,
591 3020 646 3058 om.
661 3004 729 3072 Wp.
793 3004 940 3073 Βγωνίας
957 3001 1070 3071 Halley.
1136 3009 1162 3057 ⁷.

137 3070 186 3141 δή]
207 3068 240 3125 δέ
258 3070 371 3154 ΗοΙΙεγ.
445 3080 470 3129 8.
494 3068 551 3128 ὑπὸ
571 3073 640 3144 τῶν]
666 3091 720 3129 om.
739 3073 816 3144 Wp,
841 3091 910 3131 corr.
929 3073 1042 3142 Halley.
1120 3079 1161 3127 11.

138 3142 240 3213 ΘΝΛ]
256 3142 364 3212 εοτίρει,
386 3146 472 3199 ΘΑΝ
483 3146 554 3214 Wp.
618 3151 659 3199 12.
677 3146 787 3217 ΗΘΝ]
804 3147 868 3200 ΘΝ
879 3144 948 3216 Wp‚
968 3161 1040 3200 corr.
1054 3143 1162 3198 Comm.

173 3207 249 3267 ἔστιν
267 3213 312 3269 W.
386 3216 487 3287 ΑΗΘ]
506 3216 608 3270 iuras.
626 3216 672 3270 W.
748 3222 790 3270 13.
810 3215 884 3271 εἰσιν
902 3217 947 3271 W.
1016 3216 1076 3270 ΗΘ
1094 3216 1161 3286 καί]

137 3286 168 3336 Η
172 3284 229 3337 ΘΚ
245 3302 264 3353 p
284 3286 313 3339 εί
332 3302 390 3356 seq.
405 3286 488 3342 lam
508 3285 564 3342 litt.
581 3286 626 3356 W,
645 3303 715 3342 corr.
734 3286 839 3358 Halley
858 3304 923 3342 eum
936 3285 1044 3341 Oomm.
1116 3292 1157 3341 16.

136 3352 191 3423 ις’]
210 3373 238 3423 Ρ,
257 3360 276 3414 ξ
293 3355 339 3411 W.
413 3365 454 3412 1⁷.
474 3376 546 3412 τισιν
565 3359 610 3415 W.
684 3352 808 3430 ῶς(φε.)]
829 3375 844 3413 ε
863 3374 934 3413 corr.
954 3358 1006 3425 W;
1026 3357 1094 3412 fort.
1118 3359 1165 3412 de·

134 3423 297 3554 lessng
331 3423 474 3555 φξφλλλ]
495 3445 549 3483 om.
565 3436 602 3499 p?
688 3433 728 3483 18.
750 3427 827 3484 ἔστιν
841 3428 887 3484 W.
965 3422 1031 3488 κατ’
1048 3427 1163 3497 Halley.

199 3539 205 3552 .
247 3515 311 3554 στν
368 3542 375 3556 .
