2444 3892
413 152 628 207 corneorum
645 152 819 204 umnam.
1077 147 1119 213 13
1155 136 1163 150 '

172 319 214 362 ne
237 296 333 361 cadat
355 297 454 382 enim,
483 296 554 380 sed,
577 295 605 361 si
627 295 698 359 fieri
720 264 843 379 potest,
867 294 911 360 sit
934 297 1012 359 ΒΗ.
1057 293 1120 358 ita·

54 435 57 439 ·
99 425 161 488 que
185 404 247 468 erit
270 401 347 489 [111‚
371 403 427 485 35]

394 527 823 608 PA2AE=FH2HE3

103 651 189 737 quod
212 651 282 717 fieri
305 674 371 717 non
395 655 513 735 potest.

584 876 641 942 VI.

172 1020 206 1086 Si
229 1025 322 1086 extra
344 1020 559 1105 hyperbolem
582 1021 738 1103 punctum
757 1018 889 1104 aliquod
909 1018 1055 1105 sumitur,
1078 1020 1119 1084 ab

105 1148 208 1210 eoque
234 1127 274 1191 ad
298 1127 474 1193 sectionem
499 1125 579 1190 duae
602 1129 709 1190 rectae
731 1125 962 1210 perducuntur,
985 1147 1120 1210 quarum

105 1235 208 1298 altera
226 1234 396 1319 contingit,
415 1233 517 1297 altera
535 1232 683 1297 alterutri
703 1235 963 1317 asymptotarum
982 1232 1119 1318 paralle-

102 1341 134 1404 la
159 1344 216 1422 est,
240 1343 273 1406 et
289 1344 397 1405 rectae
418 1339 456 1403 de
475 1339 630 1422 parallelo
650 1339 735 1403 inter
755 1340 932 1405 sectionem
951 1342 1120 1424 punctum·

103 1468 165 1530 que
194 1447 339 1512 abscisae
363 1446 509 1530 aequalis
532 1450 621 1510 recta
642 1446 677 1509 in
701 1468 738 1510 ea
760 1446 919 1531 producta
941 1447 1028 1512 intra
1052 1468 1120 1512 sec-

101 1555 226 1619 tionem
249 1556 390 1638 ponitur,
413 1556 503 1617 recta
527 1576 546 1617 a
568 1556 688 1636 puncto
712 1556 881 1619 contaetus
902 1554 940 1618 ad
962 1558 1118 1638 punctum

100 1660 148 1724 ita
177 1663 285 1725 ortum
314 1660 411 1725 dueta
438 1681 511 1724 eum
540 1659 681 1725 sectione
710 1664 892 1744 concurret,
921 1663 953 1725 et
980 1665 1069 1727 reeta
1098 1683 1117 1725 a

101 1771 224 1851 puncto
262 1788 435 1831 concursus
472 1766 512 1830 ad
547 1769 706 1850 punctum
742 1768 941 1832 extrinsecus
973 1769 1116 1852 positum

101 1872 198 1938 ducta
222 1874 397 1938 sectionem
420 1873 596 1956 continget.

170 1981 214 2045 sit
236 1980 416 2065 hyperbole
440 1982 547 2061 AER,
571 1980 604 2041 et
627 1975 826 2041 extrinsecus
851 1982 998 2043 sumatur
1018 1999 1118 2063 punc·

100 2091 172 2152 tum
197 2086 326 2171 aliquod
345 2090 387 2171 A,
410 2090 443 2150 et
466 2085 556 2168 prius
578 2087 611 2146 A
629 2081 773 2166 positum
794 2083 837 2148 sit
856 2083 943 2147 intra
961 2082 1116 2168 angulum

288 2222 318 2274 B
530 2190 570 2254 ab
608 2188 804 2273 asymptotis
842 2189 1118 2274 comprehensum,

530 2297 570 2362 ab
597 2317 698 2381 eoque
722 2295 890 2381 contingat
917 2299 998 2380 BA,
1017 2301 1117 2363 ΔΕΖ

529 2406 636 2469 autem
683 2402 778 2467 alteri
824 2407 1030 2489 asymptotae
1073 2406 1118 2470 sit

528 2510 695 2595 parallela‚
708 2511 910 2594 ponaturque
924 2512 986 2574 ΕΖ
996 2514 1117 2578 -ΛΕ,

530 2616 610 2700 dico,
633 2619 756 2681 rectam
781 2619 849 2680 aB
873 2614 913 2679 ad
937 2619 964 2678 Z
987 2615 1117 2681 ductam

530 2744 602 2787 cum
621 2723 763 2789 sectione
781 2743 979 2809 concurrere,
1002 2726 1036 2787 ct
1053 2744 1118 2787 rec·

398 2866 430 2915 χ
456 2874 468 2915 χ
529 2834 598 2893 tam
626 2853 645 2894 a
672 2832 791 2914 puncto
817 2850 992 2897 concursus
1021 2829 1061 2895 ad
1085 2833 1118 2895 Δ

530 2936 658 3001 ductam
682 2938 856 3003 sectionem
881 2937 1074 3021 contingere.

170 3040 307 3105 ducatur
329 3042 415 3104 enim
440 3045 511 3105 ΔΑ
534 3043 709 3108 sectionem
733 3045 941 3130 contingens,
964 3048 998 3109 ct
1020 3044 1117 3111 ducta

100 3151 183 3232 BA,
211 3147 240 3211 si
262 3147 332 3212 fieri
356 3150 480 3232 potest,
507 3153 629 3215 rectam
654 3155 724 3215 ΔΕ
748 3153 782 3217 in
809 3157 836 3217 Z
864 3174 904 3217 nc
933 3154 1031 3232 amet,
1060 3152 1116 3218 sed

89 3241 137 3317 'in
166 3253 232 3318 alio
260 3259 381 3337 puncto
409 3259 452 3319 Η,
497 3255 560 3320 erit
586 3256 686 3343 igilur
712 3262 782 3323 ΔΕ
795 3288 836 3311 -
853 3262 923 3323 mi
944 3258 1021 3346 1111,
1044 3260 1117 3347 30];

103 3359 190 3444 quod
215 3360 392 3426 absurdum
415 3365 479 3445 cst3
503 3364 733 3447 supposuimus
756 3366 850 3451 iesum,
872 3388 942 3441 cuae

507 3491 540 3551 Δ
545 3490 576 3551 Ε
589 3518 631 3541 -
646 3492 717 3555 ΕΖ,
