2444 3892
221 155 325 206 PAPPI
342 154 520 209 mMMATA
537 160 577 212 IN
596 160 714 214 como,
733 163 801 215 Lm.
819 164 916 216 1-1v.
1011 147 1074 226 157

130 293 200 361 ἐπεὶ
233 292 296 380 γὰρ
330 293 386 362 διὰ
419 295 482 383 τὴν
511 293 692 386 ὁμοιότητα
720 308 775 387 ίση
804 301 896 369 ἐστὶν
924 300 985 389 ὅλη
1013 302 1074 390 μὲν

62 397 136 485 ἡΑ
160 397 220 488 ὅλῃ
244 403 282 488 τῇ
301 408 345 487 Δ,
368 398 389 487 ἡ
414 403 451 470 δὲ
474 401 540 472 ὑπὸ
561 411 668 473 ΒΑΗ
689 411 729 495 τῇ
752 404 817 476 ὑπὸ
837 415 949 494 ΕΛΘ,
973 408 1072 496 λοιπὴ

275 519 304 567 Α
401 507 501 598 ἅραὴ
517 509 582 580 ὑπὸ
597 518 706 579 ΗΑΓ
720 518 819 603 λοιπῇ
836 519 876 603 τῇ
891 511 957 586 ὑπὸ
973 523 1074 582 ΘΔΖ

401 617 491 685 ἐστιν
510 626 575 705 ίση.
605 615 689 686 ἀλλὰ
709 621 765 687 καί
779 618 800 707 ἡ
812 627 844 688 Γ
861 624 901 709 τῇ
918 629 957 688 Ζ·
981 627 1073 689 ἔστιν

399 720 477 809 ἄρα,
499 721 543 803 ὡς
561 721 581 810 ἡ
597 731 670 792 ΗΓ
687 730 771 815 πρὸς
792 727 853 812 τὴν
871 733 940 814 ΓΑ,
967 726 1073 808 οὕτως
1110 745 1126 792 5

62 839 96 890 Β
235 881 271 925 ff
334 843 370 890 Γ
400 827 506 914 ml
533 835 616 917 πρὸς
644 839 719 899 ΖΛ.
770 831 855 900 ἀλλὰ
882 837 953 916 καί,
984 829 1072 919 ὡςὴ

262 975 290 1017 Δ
400 942 467 1003 ΒΓ
485 941 567 1023 πρὸς
589 935 650 1022 τὴν
669 943 741 1022 ΓΑ,
765 936 873 1016 οὕτως
896 928 939 1023 ἧν
963 933 983 1022 ἡ
1009 943 1072 1004 EZ

401 1047 484 1129 πρὸς
498 1049 572 1108 ΖΛ·
596 1042 652 1111 καί
672 1040 690 1110 ὁ
710 1044 924 1129 συνημμένος
942 1044 1008 1129 ἄρα
1025 1048 1071 1136 τῷ
1145 1127 1148 1132 .

98 1020 339 1250 ΕΔΖ
400 1151 602 1239 συνημμένῳ
618 1148 709 1217 ἐστίν
723 1145 741 1217 ὁ
756 1146 866 1228 αὐτός.
890 1154 982 1218 ἔστιν
994 1151 1072 1239 ἄρα,

236 1236 258 1285 θ
399 1251 444 1334 ὡς
466 1260 504 1324 τὸ
527 1252 594 1324 ὑπὸ
618 1260 724 1321 ΒΓΗ
744 1260 827 1342 πρὸς
849 1260 887 1324 τὸ
912 1255 976 1325 ἀπὸ
1000 1263 1071 1342 ΓΑ,
1092 1273 1126 1323 10

57 1357 166 1438 οὕτως
189 1363 225 1427 τὸ
249 1356 314 1428 ὐπὸ
338 1367 435 1426 Em
457 1366 539 1448 πρὸς
561 1366 598 1430 τὸ
623 1359 688 1430 ἀπὸ
712 1367 788 1431 ΖΛ.

126 1480 161 1548 ι’.
190 1478 316 1561 ’Ἁλλως
343 1487 387 1571 μὴ
418 1486 475 1553 διὰ
503 1490 565 1553 τοῦ
594 1489 819 1572 συνημμένον.
869 1491 993 1554 κείσθω
1025 1488 1070 1577 τῷ

57 1586 120 1673 μὲν
144 1584 210 1656 ὑπὸ
234 1595 340 1656 ΒΓΗ
359 1599 435 1659 ίσον
458 1598 495 1662 τὸ
518 1590 585 1660 ὑπὸ
609 1598 727 1675 ΑΓΚ,
755 1597 801 1685 τῷ
826 1592 863 1660 δὲ
885 1595 950 1661 ὑπὸ
974 1598 1071 1660 ΕΖΒ

58 1701 135 1761 ίσον
158 1698 196 1762 τὸ
220 1692 285 1763 ὑπὸ
308 1703 422 1763 AZA·
451 1703 543 1766 ἔσται
565 1698 678 1784 πάλιν,
702 1697 748 1779 ὡς
770 1698 832 1786 μὲν
854 1697 875 1785 ἡ
899 1705 966 1766 ΒΓ
988 1704 1071 1785 πρὸς

222 1833 257 1882 Α
376 1809 455 1891 ΓΚ,
482 1803 588 1884 οὕτως
611 1803 631 1890 ἡ
656 1811 725 1872 ΑΓ
747 1811 830 1891 πρὸς
853 1812 935 1890 ΓΗ,
963 1803 1009 1885 ὡς
1032 1806 1070 1873 δὲ
1091 1822 1123 1871 15

375 1907 395 1998 ἡ
421 1919 485 1978 ΒΖ
507 1917 589 1997 πρὸς
614 1917 691 1995 ΖΛ,
724 1913 830 1989 οὕτως
853 1907 873 1997 ἡ
898 1918 965 1978 ΛΖ
988 1916 1070 1997 πρὸς

376 2023 444 2085 ΖΘ.
490 2017 545 2082 καὶ
576 2013 659 2082 κατὰ
691 2014 731 2081 τὰ
764 2013 848 2083 αὐτὰ
879 2027 926 2106 τῷ
956 2017 1068 2084 ἐπάνω

50 2132 82 2179 B
193 2175 228 2221 H
376 2124 543 2208 δείξομεν,
572 2120 623 2190 ὅτι
648 2122 754 2205 ἐστίν,
783 2118 827 2200 ὡς
850 2118 870 2206 ἡ
895 2126 965 2188 ΑΓ
987 2126 1071 2209 πρὸς

186 2257 210 2301 Δ
374 2234 456 2315 ΓΗ,
481 2226 587 2306 οὕτως
610 2225 630 2313 ἡ
657 2233 722 2293 ΛΖ
745 2226 830 2313 πρὸς
849 2234 923 2294 ΖΘ·
949 2228 1005 2294 καὶ
1024 2224 1069 2306 ὡς

374 2332 440 2423 ἅμα
466 2331 487 2420 ἡ
516 2340 581 2401 ΒΓ
604 2332 687 2421 πρὸς
714 2339 795 2419 ΓΚ,
824 2329 930 2414 οὕτως
957 2330 978 2419 ἡ
1006 2341 1069 2400 ΕΖ
1088 2351 1122 2400 20

53 2466 89 2518 J:
160 2502 182 2551 θ
231 2465 255 2510 Ζ
373 2446 536 2528 πρὸςΖΔ.
559 2436 1069 2527 ἄλλὰκαί,ὡςὴΒΓπρὸςΓΑ,

244 2554 273 2604 Λ
373 2546 480 2627 οὕτως
503 2544 524 2632 ἡ
548 2553 611 2613 ΕΖ
633 2550 716 2631 πρὸς
740 2553 806 2612 ΖΛ
831 2547 934 2628 [Eucl.
954 2548 1010 2632 VI,
1033 2550 1068 2628 4]

55 2654 112 2721 διὰ
144 2656 207 2742 τὴν
242 2653 435 2743 ὁμοιότητα·
468 2651 512 2720 δι’
544 2659 621 2720 ίσον
650 2650 715 2738 ἄρα
744 2653 848 2738 ἐστίν,
883 2648 926 2730 ὡς
953 2648 974 2737 ἡ
1003 2655 1074 2717 ΚΓ

53 2765 138 2847 πρὸς
156 2767 228 2847 ΓΑ,
251 2764 423 2831 τουτέστιν
446 2757 491 2839 ὡς
513 2764 551 2828 τὸ
573 2761 638 2826 ὑπὸ
660 2763 767 2843 ΚΓΑ,
792 2756 810 2825 ὅ
834 2759 924 2825 ἐστιν
947 2761 984 2825 τὸ
1003 2753 1068 2824 ὑπὸ

54 2869 168 2950 ΒΓΗ,
191 2871 274 2952 πρὸς
291 2872 328 2937 τὸ
348 2864 413 2935 ἀπὸ
432 2871 507 2949 ΑΓ,
527 2860 632 2941 οὕτως
650 2858 671 2948 ἡ
690 2868 755 2929 ΛΖ
772 2866 854 2950 πρὸς
873 2870 950 2948 ΖΔ,
974 2889 1067 2931 τοντ-
1087 2878 1121 2927 25

53 2972 147 3038 ἐστιν
171 2975 208 3039 τὸ
231 2968 297 3039 ὑπὸ
321 2978 439 3056 ΛΖΛ,
472 2966 491 3038 ὅ
516 2970 606 3035 ἐστιν
633 2971 671 3035 τὸ
694 2964 759 3035 ὑπὸ
783 2974 897 3053 m),
925 2972 1008 3056 πρὸς
1030 2973 1067 3036 τὸ

53 3072 119 3144 ἀπὸ
144 3084 224 3143 ΖΔ·
249 3075 329 3164 ὅπερ
353 3082 421 3145 ἔδει
445 3079 557 3156 δείξαι.

120 3178 246 3268 ὁμοίως
270 3183 312 3268 δὴ
337 3185 503 3268 δείξομεν,
525 3181 581 3247 καὶ
605 3181 665 3247 ἐὰν
688 3170 725 3266 ᾖ,
749 3176 794 3258 ὡς
816 3184 853 3247 τὸ
876 3177 942 3249 ὑπὸ
967 3188 1072 3248 ΒΓΗ

53 3292 136 3374 πρὸς
152 3292 191 3356 τὸ
211 3285 276 3356 ἀπὸ
291 3295 323 3354 Α
328 3294 366 3373 Γ,
390 3287 496 3368 οὕτως
509 3292 546 3355 τὸ
562 3284 626 3354 ὑπὸ
641 3292 739 3353 Em
757 3290 839 3373 πρὸς
856 3292 894 3355 τὸ
909 3286 974 3356 α’τὸ
989 3296 1065 3373 ΖΛ,

126 3503 167 3555 17.
187 3505 246 3562 τοῖς
267 3497 363 3556 ἐπάνω
383 3501 454 3558 coni.
469 3501 598 3557 Hultsch.
653 3502 696 3553 27.
717 3495 777 3552 ἔδει
792 3499 896 3570 δεῖξαι]
918 3517 965 3552 ιω
984 3499 1064 3557 codd.
