2444 3892
127 144 192 210 358
408 147 671 198 υουυυενιοιι
689 146 859 209 mmm.

126 290 337 373 παράλληλος
369 285 452 374 αὐτῇ
486 286 506 372 η
535 292 648 353 ΓΔΕ·
681 289 758 371 δίχα
789 282 854 371 ἀρα
882 285 1046 372 τέτμηται
1077 288 1162 356 κατὰ

126 393 164 462 τὸ
188 401 217 462 Θ
240 395 278 462 έν
300 393 361 480 μέν
385 404 424 481 τῇ
449 399 586 460 ΕΑΒΓ
604 392 815 478 γεγραμμένη
840 388 860 477 ἡ
884 398 960 477 ΕΓ,
985 389 1025 461 έν
1052 393 1094 461 δέ
1117 397 1158 483 τῇ

129 497 304 586 ΛΑΒΓὴ
326 506 399 567 ΛΓ.
423 507 478 586 ῖση
498 497 564 584 ἀρα
582 497 603 584 ἡ
623 505 686 566 ΕΘ
703 510 743 587 τῇ
759 505 840 565 ΘΔ·
862 496 945 584 ὅπερ
965 497 1158 569 ἀδύνατον.

479 656 628 738 ’Ἁλλως
648 657 690 725 τὸ
714 657 787 744 μγ’.

92 796 108 844 σ
186 783 361 850 Ἔστωσαν
388 779 614 867 ἀντικείμενοι
641 785 678 849 αῖ
699 791 746 867 Α,
769 789 814 867 Β,
841 781 897 849 καὶ
923 776 1152 869 ὖπερβολὴη

127 896 264 957 ΓΑΒΛ
292 890 451 970 ἑκατέραν
478 892 546 956 τῶν
569 884 808 973 ἀντικειμένων
830 888 976 974 τεμνέτω
1000 889 1088 956 κατὰ
1110 887 1151 957 τὰ

128 1002 165 1080 Γ,
184 1004 226 1080 Λ,
247 1003 286 1080 Β,
306 1004 350 1080 Δ,
374 993 585 1080 ἀντικειμένη
610 993 648 1062 δέ
670 993 773 1080 αὐτῆς
795 1001 878 1062 ἔστω
896 991 917 1081 ἡ
938 1001 1011 1062 ΕΖ.
1055 979 1151 1082 λέγω,

128 1100 178 1169 ὅτι
201 1100 222 1189 ἡ
247 1109 309 1169 ΕΖ
333 1098 493 1185 οὐδετέρᾳ
516 1105 585 1168 τῶν
607 1097 846 1186 ἀντικειμένων
869 1115 1096 1187 συμπεσεῖται.

144 1216 146 1221 ⁴
194 1207 446 1304 ἐπεζεύχθωσαν
470 1205 534 1293 γὰρ
558 1210 595 1274 αῖ
611 1214 645 1274 Δ
652 1215 689 1292 Β,
708 1212 769 1274 ΓΑ
787 1209 843 1274 καλ
862 1208 1147 1294 ἐκβεβλήσθωσαν

76 1328 108 1375 10
126 1313 182 1382 καὶ
215 1315 490 1400 συμπιπτέτωσαν
523 1311 684 1400 ἀλλήλαις
710 1313 793 1381 κατὰ
823 1313 862 1382 τὸ
890 1321 930 1381 Θ·
960 1319 1053 1383 ἔσται
1082 1313 1147 1400 ἀρα

127 1420 164 1488 τὸ
184 1428 212 1488 Θ
231 1421 353 1507 μεταξὺ
372 1425 440 1489 τῶν
459 1419 687 1507 ἀσυμπτάτωυ
707 1425 765 1505 τῆς
779 1426 878 1488 ΓΑΒ
897 1425 1011 1506 τομῆς.
1050 1427 1147 1489 ἔστω·

127 1549 192 1594 σαν
206 1525 418 1614 ἀσύμπτωτα
433 1532 491 1613 της
506 1532 644 1593 ΓΑΒΛ
659 1530 696 1594 αλ
709 1534 742 1594 Κ
746 1532 783 1594 Η
788 1533 829 1611 Λ,
843 1533 927 1594 ΜΗ
928 1533 964 1593 Ν
967 1549 975 1564 ·
993 1526 1146 1614 φανερὸν

128 1632 185 1717 δή,
210 1631 261 1699 ὅτι
284 1637 322 1699 αῖ
342 1639 454 1699 ΝΗΛ
475 1631 537 1717 τὴν
561 1640 624 1698 ΕΖ
647 1631 754 1718 τομὴν
778 1635 1000 1720 περιέχουσιν.
1043 1634 1100 1701 καλ
1124 1631 1145 1719 ἡ
1169 1687 1177 1702 .

128 1743 191 1804 ΓΑ
208 1739 318 1823 τέμνει
337 1736 400 1823 την
419 1740 518 1814 m:
533 1728 643 1824 τομὴν
658 1739 742 1805 κατὰ
762 1737 826 1807 δὺο
847 1753 966 1825 σημεῖα
984 1739 1023 1807 τὰ
1044 1746 1084 1825 Γ,
1100 1748 1145 1806 Α·

74 1858 107 1906 15
127 1845 352 1932 ἐκβαλλομένη
395 1843 460 1931 ἄρα
503 1842 555 1932 ἐφ’
601 1845 738 1932 έκάτερα
776 1857 816 1934 τῇ
848 1846 1066 1934 ἀντικειμένη
1105 1843 1145 1913 οὗ

127 1965 341 2037 συμπεσεῖται
377 1957 416 2043 τῇ
449 1961 567 2040 ΔΒΟ,
606 1949 677 2020 ἀλλ’
718 1957 807 2020 ἔσται
838 1950 960 2039 μεταξὺ
992 1955 1050 2039 τῆς
1083 1958 1146 2019 ΒΟ

126 2069 228 2143 τομῆς
264 2059 320 2124 καὶ
351 2069 410 2145 τῆς
442 2066 521 2128 ΛΗ.
578 2057 701 2146 ὁμοίως
738 2056 779 2144 δὴ
817 2048 873 2125 καὶ
909 2055 929 2143 ἡ
965 2065 1067 2126 ΑΒΘ
1103 2055 1145 2126 οὐ

127 2177 340 2249 συμπεσεῖται
362 2171 402 2253 τῇ
427 2168 532 2249 ΓΑΞ,
559 2162 632 2231 ἀλλ’
659 2169 750 2232 ἔσται
773 2163 895 2250 μεταξὺ
917 2168 976 2250 τῆς
1000 2168 1070 2241 ΛΞ
1090 2165 1145 2232 καλ

127 2275 185 2355 τῆς
216 2277 299 2337 ΗΝ.
353 2270 422 2338 ἐπεὶ
456 2263 519 2337 οὖν
553 2273 588 2335 αῖ
619 2277 701 2356 ΘΠ,
727 2277 790 2338 &P
819 2268 863 2356 μὴ
896 2276 1146 2356 συμπίπτουσαι

74 2389 108 2437 20
127 2390 198 2454 ταῖς
221 2385 268 2461 Α,
287 2384 315 2443 Β
338 2384 454 2463 τομαῖς
477 2376 666 2463 περιέχουσι
690 2379 749 2457 τὰς
776 2383 882 2444 ΝΗΛ
904 2376 1147 2462 ἀσυμπτολτους

127 2483 181 2549 καὶ
214 2486 325 2572 πολλῷ
347 2487 482 2569 μᾶλλον
510 2483 570 2568 τὴν
600 2490 661 2549 ΕΖ
689 2482 811 2570 τομήν,
839 2481 860 2567 η
892 2489 954 2549 ΕΖ
984 2479 1144 2574 οὐδετέρᾳ

127 2593 194 2657 τῶν
218 2586 457 2676 ἀντικειμένων
482 2603 703 2675 συμπεσεῖται.

479 2750 624 2828 ’Ἁλλως
646 2747 689 2816 τὸ
712 2749 782 2816 να’.

196 2874 306 2958 Λέγω,
336 2870 387 2940 ὅτι
415 2869 437 2956 η
463 2880 495 2939 Ε
520 2871 680 2961 οὐδετέρᾳ
706 2878 774 2941 τῶν
798 2879 893 2970 ᾼ,Β
923 2885 1147 2958 συμπεσεῖται.

75 2995 109 3041 25
195 2980 358 3068 ἤχθωσαν
385 2977 450 3047 ἀπὸ
479 2983 547 3047 τῶν
571 2989 602 3047 Λ
608 2979 917 3066 ,Βέφαπτόμευαι
941 2983 1008 3047 τῶν
1029 2985 1146 3067 τομῶν

200 3136 498 3211 Βλέν(ε1.)]εἰλΝρ
517 3156 587 3193 corr
599 3138 703 3194 Comm.
760 3146 784 3193 7.
804 3139 1012 3275 Γ]1υεθεΞ..Ἦ
1068 3136 1146 3194 ἀντι

128 3210 225 3282 κειμέν
227 3220 280 3280 pv?
301 3229 427 3282 compp
484 3205 537 3264 αὐτ
523 3212 556 3279 τῇ
575 3210 686 3280 Halley
742 3217 767 3266 8.
791 3206 951 3281 mm&
970 3214 1036 3280 post
1054 3227 1109 3266 ras
1131 3218 1145 3264 1

127 3282 183 3337 Ιίλλ
198 3285 243 3338 W
330 3281 525 3369 σνμκεσειιαι]
545 3299 715 3352 σνμεορνο
733 3298 783 3335 scr
799 3300 836 3337 m.
853 3287 914 3351 lp.
994 3287 1035 3334 11.
1055 3277 1146 3352 ἀσυμ-

127 3373 186 3406 πτω
165 3375 244 3407 ωτων
230 3355 260 3424 ν]
290 3352 477 3425 συμπτώσεων
503 3354 577 3421 Wp,
606 3369 675 3409 corr.
701 3354 805 3408 Comm.
908 3356 1017 3406 ΓΑΒΔ
1041 3352 1146 3424 Halley

128 3439 192 3477 cum
211 3426 316 3482 Comm
391 3433 432 3481 14.
453 3427 577 3493 FAZp
652 3430 694 3480 15.
714 3421 781 3494 ἀρα]
803 3440 856 3478 om.
867 3424 937 3493 Wp,
957 3440 1027 3479 corr.
1040 3373 1146 3494 Ηείῖογ

128 3465 1146 3568 cumeommapossmemmlm132a2ssmzpscribere.17.
