2444 3892
406 171 621 223 CONIOORUM
638 171 748 223 LIBER
765 173 811 224 IV.
1070 168 1112 233 21

101 317 164 376 ΕΖ
188 317 316 378 etcum
340 315 483 381 sectione
506 297 658 400 opposite
681 334 884 396 concurrere,
910 317 943 379 et
965 317 1071 380 rectas
1095 337 1114 380 u

101 420 231 503 punctis
255 441 429 486 concursus
453 421 494 486 ad
517 427 551 484 A
574 420 689 484 ductas
713 418 872 484 sectiones
896 421 1092 507 contingere.

873 526 1023 609 opposite
1053 527 1114 611 igi-

739 631 1115 748 ZwfflMma

807 740 841 799 A
864 736 1022 802 sectiones
1040 759 1114 803 con-

808 840 970 926 tingentes
996 843 1116 909 ducun-

808 949 862 1011 tur
904 951 994 1030 AM,
1029 951 1117 1033 ΔΣ,

807 1053 966 1137 ductaque
985 1055 1070 1137 ΜΣ,
1089 1053 1118 1117 si
1141 1132 1147 1141 ἢ

805 1159 879 1223 fieri
905 1161 1030 1244 potest,
1061 1181 1119 1243 per

807 1268 852 1346 K,
876 1269 908 1328 A·
939 1287 981 1329 ne
1014 1265 1117 1354 cadat,

807 1370 863 1435 sed
877 1375 934 1435 cut
944 1393 1005 1454 per
1021 1372 1118 1436 alter-

806 1479 915 1542 utrum
957 1480 1014 1542 aut
1059 1498 1118 1560 per

808 1588 958 1649 neutrum
978 1605 1099 1651 eorum.

168 1687 257 1770 prius
280 1708 339 1771 per
357 1689 393 1751 K
414 1686 509 1752 cadat
532 1690 564 1752 et
586 1692 708 1752 rectam
728 1693 800 1753 ZH
817 1691 851 1754 in
870 1695 906 1754 X
924 1695 1018 1756 secet.
1055 1689 1116 1754 ita-

99 1816 163 1879 que
187 1792 267 1877 [Ill,
289 1793 346 1873 37]
371 1797 439 1856 ΖΔ
453 1811 461 1852 :
475 1795 553 1857 AH
562 1823 604 1846 =
621 1797 682 1858 XZ
697 1817 705 1857 ε
721 1797 801 1879 ΧΗ;
831 1797 916 1880 quod
940 1795 1117 1860 absurdum

100 1904 166 1984 est,
191 1898 418 1984 supposuimus
444 1899 542 1982 enim,
567 1918 636 1961 esse

396 2005 825 2069 ZA:AH=ZA:AH.

171 2113 221 2176 sin
248 2132 305 2196 per
332 2114 485 2175 neutrum
512 2111 707 2192 punctorum
735 2111 781 2193 K,
800 2111 832 2170 A
859 2108 945 2173 cadit
972 2113 1056 2193 ΜΣ,
1084 2109 1118 2174 in

100 2224 240 2303 utraque
263 2221 344 2301 EA,
359 2220 426 2280 AZ
450 2214 625 2279 absurdum
649 2215 766 2279 euenit.

568 2496 656 2562 XIII.

171 2641 292 2707 Iisdem
319 2641 435 2726 positis
464 2641 493 2705 si
519 2644 674 2725 punctum
704 2645 737 2702 A
764 2640 799 2703 in
827 2640 985 2705 alterutra
1012 2662 1120 2724 asym-

103 2753 272 2833 ptotarum
295 2748 440 2830 positum
465 2750 523 2831 est,
547 2747 728 2830 etreliqua
751 2746 862 2811 eadem
886 2750 1122 2831 supponuntur,

103 2859 194 2920 recta
216 2875 274 2938 per
296 2856 417 2937 puncta
440 2853 609 2917 diuisionis
633 2853 729 2918 ducta
751 2854 910 2937 parallelo
933 2853 994 2916 erit
1016 2873 1120 2935 asym-

102 2963 226 3045 ptotce,
248 2960 283 3025 in
307 2980 370 3042 qua
394 2962 548 3042 punctum
571 2960 715 3042 positum
739 2964 796 3042 est,
820 2964 853 3024 et
870 2958 1029 3043 producte
1047 2979 1120 3023 curn

104 3067 248 3131 sectione
281 3068 463 3146 concurret,
496 3068 529 3129 et
559 3070 649 3130 recta
679 3088 698 3130 a
725 3075 846 3150 puncto
875 3086 1050 3131 concursus
1079 3064 1121 3129 ad

103 3176 261 3258 punctum
286 3172 382 3236 dueta
405 3171 581 3236 sectionem
604 3172 780 3257 continget.

174 3280 219 3344 sit
242 3279 328 3342 enim
350 3277 534 3362 hyperbole
557 3282 835 3363 asymptotueque,
859 3282 891 3343 et
911 3277 946 3341 in
966 3279 1121 3343 alterutra

106 3387 367 3470 asymptotarum
395 3385 542 3449 sumatur
571 3387 617 3467 A,
644 3384 926 3468 producenturque
953 3388 1060 3450 rectae
1088 3392 1122 3451 et

105 3492 305 3575 diuiduntur,
338 3490 421 3554 siout
454 3489 575 3555 dictum
604 3492 665 3573 est,
697 3513 717 3554 e
744 3495 778 3554 A
807 3493 915 3554 autern
943 3493 1121 3558 sectionem
