2444 3892
158 153 200 217 10
554 153 722 207 ΚΩΝΙΚΩΝ
740 150 780 210 δ’.

223 298 372 362 ἔστωσαν
395 291 622 382 ἀντικείμεναι
645 297 682 361 αἱ
703 301 743 381 Β,
763 301 792 362 Θ
819 295 876 363 καὶ
899 291 1120 383 ἀσύμπτωτα
1142 298 1172 364 αἱ

155 402 190 467 K
194 407 235 485 A,
250 405 294 466 M
296 401 368 478 ΞΝ
385 399 496 467 καὶτὸ
517 407 551 466 A
569 413 709 486 σημεῖον
728 401 766 469 ἐν
784 403 824 490 τῇ
843 397 909 468 ὑπὸ
928 403 1042 479 AEN
1061 408 1173 493 γωνίᾳ,

154 505 211 573 καὶ
242 502 299 572 ἀπ’
331 503 436 574 αὐτοῦ
465 507 665 593 ἐφαπτέσθω
699 506 760 595 μὲν
793 504 814 592 ἡ
845 512 927 592 AB,
960 509 1114 595 τεμνέτω
1143 508 1173 577 δὲ

155 609 175 699 ἡ
201 618 281 698 ΔΓ,
309 612 366 680 καὶ
390 615 428 679 αἱ
449 620 487 699 Ε,
508 618 540 680 Γ
563 611 771 701 συμπτώσεις
792 613 1041 701 περιεχέτωσαν
1064 615 1128 704 τὴν
1150 622 1172 682 Β

120 715 260 805 ῦάφήν,
282 718 338 785 καὶ
358 713 399 786 ὃν
419 723 485 806 ἔχει
503 717 606 805 λόγον
625 718 646 806 ἡ
667 724 731 786 ΓΔ
753 723 836 806 πρὸς
856 726 934 805 AE,
958 720 1063 807 ἐχέτω
1085 720 1174 810 ἡΓΖ

154 828 236 911 πρὸς
260 831 331 893 ΖΕ.

223 935 382 1019 δεικτέον,
407 930 458 1000 ὅτι
477 929 498 1019 ἡ
518 928 582 1000 ἀπὸ
602 935 663 1000 τοῦ
678 939 707 998 Β
731 930 784 999 ἐπὶ
802 936 839 1000 τὸ
860 939 887 998 Ζ
911 932 1174 1022 ἐπιζευγνυμένη

154 1054 368 1128 συμπεσεῖται
395 1043 435 1128 τῇ
459 1046 488 1107 Θ
510 1042 610 1128 τομῇ,
643 1037 699 1106 καὶ
727 1036 748 1125 ἡ
777 1034 842 1106 ἀπὸ
868 1048 927 1127 τῆς
949 1040 1176 1127 συμπτοέσεως

154 1146 207 1214 ἐπὶ
230 1151 266 1214 τὸ
292 1154 326 1213 A
349 1143 509 1233 ἐφάψεται
532 1149 591 1232 τῆς
613 1147 724 1231 τομῆς.

102 1279 135 1329 10
220 1251 316 1339 ἤχθω
335 1252 400 1338 γὰρ
421 1248 485 1318 ἀπὸ
504 1254 566 1318 τοῦ
582 1258 615 1317 A
634 1251 845 1338 ἐφαπτομένη
864 1253 924 1337 τῆς
937 1256 1046 1340 τομῆς
1063 1253 1086 1341 ἡ
1104 1261 1175 1339 ΔΘ,

151 1358 208 1425 καὶ
232 1360 461 1442 ἐπιζευχθεῖσα
484 1355 504 1443 ἡ
532 1361 594 1423 ΘΒ
618 1357 776 1444 πιπτέτω,
805 1361 836 1424 εἰ
858 1357 1026 1445 θυνατόν,
1051 1359 1102 1448 μὴ
1126 1359 1175 1429 θιά

151 1473 212 1530 τοῦ
237 1469 280 1549 Ζ,
308 1460 392 1529 ἀλλὰ
417 1459 473 1528 διά
496 1466 557 1530 τοῦ
580 1469 624 1531 Η.
671 1467 760 1532 ἐστιν
784 1464 867 1551 ἀρα,
893 1460 938 1544 ὡς
960 1460 981 1552 ἡ
1007 1472 1076 1534 ΓΔ
1100 1473 1175 1553 πρὸς

151 1576 236 1654 ΔΕ,
260 1565 280 1654 ἡ
305 1573 378 1634 ΓΗ
395 1571 476 1655 πηὸς
500 1576 583 1635 HE·
618 1566 699 1653 ὅπερ
723 1569 864 1640 ἀτοπον·
898 1569 1079 1643 ὑπόκειται
1104 1575 1174 1662 γάρ,

151 1670 196 1752 ὡς
218 1672 239 1760 ἡ
264 1679 325 1741 ΓΔ
347 1678 430 1762 πρὸς
454 1681 531 1761 ΔΕ,
556 1672 577 1762 ἡ
603 1680 664 1742 ΓΖ
688 1679 770 1762 πρὸς
794 1684 865 1745 ΖΕ.

659 1870 668 1896 Ι

100 1904 133 1953 15
639 1896 678 1938 ε.

223 1998 299 2063 Τῶν
327 1996 438 2064 αὐτῶν
467 1994 577 2065 ὅντων
607 1992 667 2062 ε’ἀν
695 1996 732 2060 τὸ
762 2001 796 2060 A
823 2007 962 2081 σημεῖον
996 1998 1055 2064 ἐπί
1082 2024 1171 2078 τινος

149 2092 171 2189 ᾖ
194 2105 262 2169 τῶν
285 2099 530 2190 ἀσυμπτοέτων,
558 2097 578 2186 ἡ

148 2203 213 2273 ἀπὸ
246 2211 307 2274 τοῦ
335 2217 364 2276 Β
397 2210 449 2278 ἐπὶ
480 2215 517 2278 τὸ
551 2217 578 2277 Ζ

175 2307 323 2400 ἀγομένη
347 2319 557 2404 παράλληλος

96 2433 130 2482 20
150 2421 241 2484 ἔσται
275 2422 316 2508 τῇ
354 2420 436 2512 αὐτῇ
473 2422 578 2512 ἀσνμ-
658 2469 682 2526 θ

148 2524 275 2617 πιώτφ.

215 2629 408 2703 ὑποκείσθω
439 2634 503 2725 γάμ
536 2637 576 2704 τά

148 2735 245 2824 αάτά,
263 2739 319 2807 καὶ
337 2744 374 2808 τὸ
389 2750 422 2808 A
439 2757 577 2830 σημεῖον

149 2847 231 2912 ἔστω
242 2846 383 2933 ἐπὶμιάς
394 2846 576 2937 τῶνάσνμ-

148 2953 285 3020 πτεέτων
299 2957 358 3040 τῆς
372 2961 459 3023 ΜΝ.
490 2958 576 3024 δεικ-

96 3061 129 3110 25
148 3059 234 3142 τέον,
259 3059 311 3126 ὅτι
334 3057 355 3144 ἡ
378 3057 441 3129 ἀπὸ
469 3066 531 3130 τοῦ
555 3070 582 3130 Β
606 3066 645 3153 τῇ
669 3070 752 3132 ΜΝ
775 3063 988 3152 παράλληλος
1017 3062 1164 3155 ἀγομένη

148 3162 201 3228 ἐπὶ
228 3168 266 3231 τὸ
290 3174 317 3232 Ζ
340 3181 496 3236 πεσεῖται.

149 3325 363 3338 -ξ-

220 3433 261 3483 15.
281 3431 321 3503 ε’]
341 3450 368 3502 p,
388 3449 442 3491 om.
453 3435 486 3504 V,
506 3436 534 3491 δ’
550 3455 581 3504 v;
601 3436 689 3492 etsie
710 3437 851 3507 deinceps.
932 3444 973 3494 17.
993 3439 1049 3494 τῶν
1071 3434 1104 3495 ἀ·
1122 3439 1165 3496 bis

147 3498 220 3554 Vin
238 3503 306 3556 extr.
327 3508 357 3558 et
374 3504 435 3561 init.
455 3523 533 3576 pag.;
554 3523 623 3565 corr.
642 3525 690 3577 pe.
