2444 3892
125 158 190 224 218
404 159 667 213 commun
684 159 854 225 εατιοοι.

196 298 244 367 Τὸ
270 299 312 366 δὲ
335 296 410 367 όπδ
433 303 501 385 τῆς
525 305 590 367 ΒΓ
609 298 707 388 πρὸς
729 298 770 367 τὸ
794 296 869 367 ὑπὸ
894 307 1001 368 ΒΑΓ
1018 302 1144 390 λόγον

127 412 206 494 ἔχει
228 405 297 474 τὸν
321 411 583 493 συγκείμενον
606 409 647 475 ἐκ
667 411 736 474 τοῦ
756 401 802 474 δν
822 412 901 494 ἔχει
919 405 939 494 ἡ
960 415 1032 477 ΒΓ
1046 410 1144 497 πρὸς

126 518 192 580 ΓΑ
213 512 278 580 καλ
300 510 320 598 ἡ
344 517 411 579 ΒΓ
428 512 524 598 πρὸς
547 520 626 580 ΒΛ·
653 513 818 581 δέδεικται
840 511 902 600 μὲν
926 517 964 582 ἐν
987 521 1036 608 τῷ
1063 519 1143 608 ἕκτη

127 623 246 708 βιβλίῳ
269 622 328 704 τῆς
350 617 585 706 στοιχειώσεως
608 620 645 686 ἐν
667 621 713 711 τῷ
735 623 872 709 εἰκοστῷ
890 624 992 711 τρίτῳ
1011 625 1142 711 θεωρή-

93 747 217 811 οματι,
242 724 293 793 ὅτι
315 724 356 792 τδι
380 724 541 811 ἰσογώνια
563 724 891 812 παραλληλόγραμμα
909 725 996 814 πρὸς
1013 725 1142 815 ἄλληλα

126 830 231 917 λόγον
253 836 318 918 ἔχει
340 831 401 899 τὸν
426 836 644 917 συγκείμενον
668 833 794 899 ἐκτῶν
816 835 984 920 πλευριόν·
1008 835 1083 902 ἐπεὶ
1107 833 1141 902 δέ

128 937 389 1023 ἐπακτικώτερον
420 941 549 1023 μᾶλλον
580 937 636 1004 καὶ
668 939 709 1005 οὐ
740 936 822 1006 κατδι
859 939 920 1005 τὸν
952 936 1141 1025 ἀναγκαῖον

126 1043 254 1131 τρόπον
272 1040 337 1110 ὑπὸ
357 1046 425 1111 τῶν
447 1042 747 1130 ὑπομνηματιστολν
771 1046 911 1130 ἐλέγετο,
936 1047 1139 1133 ἐζητήσαμεν

126 1145 208 1218 αὐτὸ
230 1149 286 1217 καὶ
308 1151 488 1237 γέγραπται
513 1151 549 1216 ἐν
577 1162 646 1229 τοίς
671 1151 903 1237 ἐκδεδομένοις
924 1148 1008 1238 ἡμῖν
1030 1157 1082 1233 είς
1103 1152 1137 1220 τὸ

74 1278 108 1326 10
126 1256 284 1342 τέταρτον
305 1254 466 1342 θειόρημα
488 1258 550 1323 τοῦ
569 1257 727 1344 δευτέρου
746 1262 881 1343 βιβλίου
898 1261 967 1325 τῶν
987 1256 1140 1345 Ἀρχιμή-

129 1365 209 1441 δους
223 1361 298 1446 περὶ
308 1368 452 1447 σφαίρας
465 1363 521 1430 καὶ
530 1367 715 1449 κυλίνδρου
727 1363 783 1430 καί
794 1365 831 1431 ἐν
841 1375 911 1442 τοῖς
921 1369 1072 1449 σχολίοις
1080 1368 1138 1433 τοῦ

125 1467 261 1553 πρώτου
278 1472 412 1551 βιβλίου
429 1472 488 1553 τῆς
503 1475 716 1555 Πτολεμαίου
739 1470 937 1549 συντάξεως·
959 1465 1002 1537 οὐ
1025 1483 1138 1558 χεῖρον

128 1571 165 1638 δέ
179 1570 235 1638 καὶ
248 1573 397 1639 ἐνταῦθα
411 1577 510 1639 τοῦτο
526 1578 697 1661 γραφῆναι
716 1573 772 1641 διδι
791 1575 828 1642 τδ
850 1572 894 1660 μὴ
913 1575 1047 1654 πάντως
1061 1574 1139 1655 τοὺς

127 1673 422 1761 ἀναγινώσκοντας
438 1674 605 1759 κάκείνοις
623 1679 850 1767 ἐντυγχάνειν,
871 1680 927 1748 καὶ
946 1677 998 1748 ὅτι
1017 1680 1138 1768 σχεδὸν

76 1803 109 1852 16
128 1779 165 1848 τὸ
190 1778 272 1848 ὅλον
295 1780 467 1868 σύνταγμα
489 1788 557 1852 τῶν
580 1792 735 1854 κωνικῶν
757 1789 912 1874 κέχρηται
934 1783 1035 1880 αὐτῷ.

194 1884 295 1972 λόγος
318 1891 354 1955 ἐκ
377 1886 487 1975 λόγων
511 1901 709 1977 συγκεῖσθαι
732 1894 877 1978 λέγεται,
906 1888 988 1960 ὅταν
1012 1897 1051 1961 αλ
1072 1898 1139 1963 τῶν

128 1991 239 2079 λόγων
253 1993 466 2081 πηλικότητες
482 1995 534 2082 ἐφ’
553 1996 671 2078 ἑαυτὰς
684 2005 1052 2066 πολλαπλασιασθεῖσαι
1072 2023 1140 2067 ποι-

128 2103 193 2167 οἷσί
212 2127 303 2186 τινα,
328 2102 546 2189 πηλικότητος
570 2102 726 2191 δηλονότι
750 2106 932 2191 λεγομένης
953 2109 1015 2172 τοῦ
1041 2105 1140 2193 ἀριθ-

98 2193 101 2198 *
127 2214 209 2295 μοό,
237 2201 279 2273 οὗ
301 2208 504 2296 παρόννμός
527 2214 617 2277 ἐστιν
640 2207 658 2277 ὁ
682 2211 790 2296 λόγος.
828 2210 880 2277 ἐπὶ
904 2209 965 2297 μὲν
989 2204 1052 2278 οὖν
1072 2222 1140 2280 τῶν

74 2335 109 2383 20
127 2321 385 2382 πολλαπλασίων
404 2313 552 2383 δυνατόν
571 2316 661 2384 ἐστιν
680 2314 831 2403 όρνδμδν
851 2315 1038 2402 ὁλόκληρον
1053 2314 1141 2384 εἶναι

126 2418 188 2506 τὴν
211 2420 427 2506 πηλικότητα,
457 2420 509 2488 ἐπὶ
538 2420 575 2487 δὲ
597 2425 666 2489 τῶν
688 2425 814 2488 λοιπῶν
838 2423 983 2509 σχέσεων
1009 2419 1140 2551 ἀνάγκη

126 2555 189 2614 την
204 2526 405 2612 πηλικότητα
420 2524 568 2613 ιἰριδμδν
586 2523 672 2593 εἶναι
686 2526 798 2592 καλ’
757 2553 908 2615 μοριονη
923 2527 1066 2615 μόρια,ε
1051 2527 1134 2595 εί
1095 2555 1139 2614 μη

128 2633 193 2722 όι’ρα
216 2660 265 2714 τις
289 2634 402 2701 ἐδελοι
425 2629 522 2700 ταδ’
504 2631 669 2717 αρρητους
691 2630 775 2700 εἶναι
803 2636 1036 2720 σχέσεις,ί
965 2629 1084 2702 οαίλί
1053 2639 1139 2702 εἰσιν

130 2739 264 2808 αλκατόι
283 2739 323 2806 τὰ
343 2738 449 2825 όλογα
468 2739 602 2868 μεγέθη.
640 2741 679 2806 ἐπ
680 2738 828 2808 ὶπασοιν
850 2739 887 2807 δέ
905 2744 973 2808 τῶν
994 2744 1140 2827 σχέσεων

76 2860 110 2910 25
130 2842 298 2931 δῆλον,
280 2871 330 2912 οτι
357 2843 439 2930 αὕτη
463 2843 483 2929 ἡ
511 2843 689 2930 πηλικότης
710 2847 1062 2934 πολλαπλασιαζομενη
1087 2848 1140 2916 ἐπὶ

127 2948 187 3016 τὸν
211 2949 377 3035 ἑπόμενον
401 2948 483 3037 ὅρον
506 2950 693 3036 τοῦλόγου
715 2966 807 3020 ποιεῖ
825 2951 886 3020 τὸν
911 2950 1111 3038 ἡγούμενον.

198 3059 280 3120 ἐστω
308 3062 425 3122 τοίνυν
453 3055 553 3141 λόγος
582 3054 599 3124 δ
625 3061 686 3125 τοῦ
708 3067 740 3125 Α
763 3057 846 3145 πρὸς
868 3060 927 3127 τὸν
950 3066 993 3144 Β,
1020 3061 1076 3127 καλ
1100 3063 1143 3128 εί·

200 3292 225 3339 2
249 3285 317 3354 ΒΓ]
347 3289 496 3342 Feeorr.
515 3305 551 3342 m.
574 3289 654 3343 lW.
746 3295 770 3342 3.
796 3292 897 3342 ΓΑ-
909 3286 1003 3372 πρός]
1028 3290 1141 3358 addidi3

130 3373 184 3410 om.
203 3355 263 3425 Wp
282 3357 343 3426 (pro
364 3361 411 3410 BA
432 3357 542 3446 Halley
553 3375 603 3414 scr.
625 3359 690 3427 ΓΑ).
765 3364 790 3413 4.
809 3364 859 3427 τῆς
890 3381 923 3430 τη
909 3360 986 3414 W.
1060 3357 1140 3434 ἐεν]

130 3444 198 3483 corr
217 3446 245 3498 p
323 3433 347 3482 ό.
367 3421 422 3499 ότι]
441 3447 505 3498 pw,
526 3424 558 3484 ότ
576 3446 632 3498 seq.
652 3447 705 3485 ras.
727 3428 816 3484 llitt.
874 3473 880 3486 .
960 3437 1000 3486 10.
1018 3426 1140 3503 Ἀρχιμή-

130 3499 209 3570 δους]
228 3517 289 3567 vw,
310 3493 380 3569 Ἀρχι
399 3515 455 3568 seq.
475 3517 529 3556 ras
549 3506 605 3554 5-
612 3500 703 3556 elitt.
722 3501 759 3555 W
783 3503 813 3556 et
835 3518 892 3571 seq.
911 3501 964 3558 lae.
983 3519 1011 3571 p.
1096 3511 1137 3561 13.
