2444 3892
130 118 196 182 250
410 113 675 169 υοιοιειιεεοιε
691 113 862 178 mm

128 257 167 328 τὸ
189 248 535 345 παραλλήλουςέῖυαι
557 254 617 335 τὰς
638 262 721 344 AN,
745 260 820 342 ΕΓ,
842 260 910 323 ΚΒ
934 255 1041 342 ἐστιν,
1068 253 1114 338 ῶς
1132 253 1152 344 ἡ

129 371 205 433 AN
228 361 311 452 πρὸς
334 368 412 448 ΕΓ,
439 358 459 449 η
484 370 555 430 AA
582 359 665 448 πρὸς
687 368 771 447 ΔΕ,
798 357 845 440 ῶς
872 361 910 429 δὲ
932 357 954 447 η
979 367 1053 428 ΕΓ
1071 360 1152 450 πρὸς

130 477 212 556 ΚΒ,
235 466 257 557 ἡ
280 476 350 536 EA
373 471 456 554 πρὸς
479 476 561 553 AB,
586 467 630 536 δι’
655 477 732 537 ίσου
756 465 831 556 ἄρα,
856 463 901 548 ῶς
923 465 944 554 ἡ
970 475 1052 538 AN
1071 468 1152 557 πρὸς

130 582 208 662 ΚΒ,
232 573 252 663 ἡ
277 585 349 643 AA
372 572 455 663 πρὸς
479 583 559 643 ΛΒ·
584 575 641 644 καὶ
665 572 710 656 ῶς
733 573 799 663 ἄρα
820 571 859 643 τὸ
883 571 948 641 άπὸ
970 582 1053 642 AN
1071 574 1150 661 πρὸς

94 681 167 752 οτὸ
195 679 260 751 ὑπὸ
290 689 375 768 AN,
399 688 478 768 KB,
511 680 548 750 τὸ
578 680 643 750 άπὸ
666 688 738 748 AA
764 678 848 767 πρὸς
874 681 912 748 τὸ
941 678 1009 748 ὑπὸ
1037 689 1148 751 ΑΔΒ.

130 787 176 869 ῶς
208 788 245 857 δὲ
277 790 314 856 τδ
348 786 413 856 άπὸ
442 794 510 856 ΕΓ
533 785 616 876 πρὸς
642 786 680 856 τὸ
710 784 775 856 άπὸ
804 793 891 873 AN,
918 784 956 855 τὸ
987 784 1057 856 άπὸ
1086 795 1148 856 EA

129 893 214 985 πρὸς
236 897 273 963 τὸ
301 894 365 962 άπὸ
388 902 470 962 AA·
495 890 540 961 δι’
567 901 643 962 ίσου
667 891 744 981 άρα,
768 889 813 972 ῶς
834 890 873 960 τὸ
897 889 964 960 άπὸ
985 900 1059 961 ΕΓ
1070 894 1147 984 πρὸς

128 1002 167 1070 τὸ
195 1000 261 1071 ὑπὸ
289 1007 375 1087 ΑΝ,
399 1007 480 1087 ΚΒ,
507 1002 545 1069 τὸ
573 997 638 1067 άπὸ
663 1005 730 1065 EA
757 997 841 1088 πρὸς
868 996 906 1067 τὸ
937 995 1002 1067 ὑπὸ
1029 1010 1143 1070 AAB·

128 1109 185 1177 καὶ
208 1106 388 1195 άυάπαλιν,
412 1103 457 1187 ῶς
478 1107 517 1174 τὸ
540 1103 605 1174 ὑπὸ
626 1112 703 1192 ΚΒ,
726 1112 802 1173 AN
820 1102 904 1193 πρδς
926 1104 964 1174 τὸ
988 1104 1056 1175 άπὸ
1077 1114 1144 1194 ΕΓ,

79 1230 111 1277 10
129 1215 167 1284 τὸ
191 1213 257 1284 ὑπὸ
280 1221 384 1282 BAA
405 1212 488 1302 πρὸς
510 1210 548 1280 τὸ
572 1210 638 1279 ἀπὸ
663 1219 740 1280 EA.

530 1447 600 1522 Είς
621 1441 663 1509 τὸ
688 1440 747 1524 λζ’.

200 1567 269 1636 Aa&
293 1566 421 1635 τούτων
443 1569 512 1634 τῶν
532 1567 764 1653 θεωρημάτων
783 1565 945 1654 φανερόν,
969 1563 1062 1646 ὅπως
1080 1569 1144 1635 ἐστὶ

130 1674 277 1743 δυνατὸν
311 1671 367 1739 διὰ
399 1675 459 1739 τοῦ
493 1674 656 1750 δοθέντος
688 1676 828 1759 σημείου
860 1670 912 1740 ἐπὶ
942 1674 1002 1759 τῆς
1035 1675 1142 1761 διαμέ-

129 1805 212 1868 τρου
229 1779 285 1846 καὶ
303 1782 362 1866 τῆς
379 1782 531 1866 κορυφῆς
549 1782 608 1866 τῆς
625 1788 729 1866 τομῆς
748 1777 984 1866 ἐφαπτομένην
997 1776 1143 1867 άγαγεῖν.

77 2023 109 2072 15
526 2015 594 2090 Είς
617 2006 660 2078 τὸ
684 2007 748 2095 λη’.

188 2137 251 2203 ’Ἐν
270 2156 359 2204 τισιν
378 2135 598 2224 ἀντιγράφοις
615 2133 653 2202 τὸ
673 2135 834 2221 θεώρημα
851 2136 951 2202 τοῦτο
972 2134 1025 2201 έπὶ
1040 2133 1144 2221 μόνης

127 2246 187 2328 τῆς
208 2240 396 2330 ὑπερβολῆς
423 2241 610 2326 εὑρίσκεται
635 2241 865 2326 δεδειγμένου,
892 2244 1085 2320 καθολικῶς
1108 2240 1144 2309 δὲ

129 2352 279 2416 ἐνταῦθα
311 2350 487 2415 δέδεικται·
518 2346 559 2413 τὰ
591 2346 656 2432 γὰρ
689 2344 773 2414 αὐτὰ
803 2351 979 2433 συμβαίνει
1007 2347 1064 2413 καὶ
1092 2347 1143 2415 ἐπὶ

127 2458 194 2522 τῶν
222 2452 333 2522 ἄλλων
359 2458 481 2540 τομῶν.
526 2451 581 2517 καὶ
609 2454 654 2540 τῷ
675 2449 887 2543 Ἀπολλωνίῳ
916 2451 954 2520 δὲ
983 2457 1080 2521 δοκεῖ
1099 2457 1142 2540 μη

74 2574 108 2622 20
128 2559 234 2647 μόνον
264 2562 326 2645 τὴν
354 2557 560 2647 ὑπερβολήν,
594 2553 678 2623 ἀλλὰ
705 2558 761 2624 καὶ
789 2561 850 2644 την
879 2563 1027 2638 ἔλλειψιν
1057 2565 1142 2647 ἔχειν

128 2667 287 2753 δευτέραν
311 2665 503 2753 διάμετρον,
527 2662 572 2742 ῶς
594 2665 751 2744 πολλάκις
771 2660 876 2732 αὐτοῦ
895 2664 1087 2754 ἠκούσαμεν
1106 2671 1142 2735 έν

125 2787 195 2853 τοίς
219 2775 456 2860 προλαβοῦσιν.

192 2880 248 2947 καὶ
283 2879 335 2946 ἐπὶ
363 2878 424 2964 μὲν
452 2880 510 2963 τῆς
537 2879 712 2958 ἐλλείψεως
739 2881 866 2946 πτῶσιν
896 2874 957 2945 οὐκ
980 2883 1064 2965 ἔχει,
1090 2881 1142 2947 ἐπὶ

127 2986 164 3053 δὲ
191 2988 249 3070 τῆς
276 2983 463 3070 ὑπερβολῆς
489 2996 589 3069 τρεῖς·
617 2982 656 3052 τὸ
684 2983 749 3072 γὰρ
778 2992 805 3051 Ζ
834 2997 988 3071 σημεῖον,
1016 2985 1097 3053 καθ’
1123 2989 1141 3054 ὃ

71 3103 106 3152 25
127 3093 307 3177 συμβάλλει
326 3089 346 3176 ἡ
368 3090 577 3177 ἐφαπτομένη
596 3094 637 3178 τῇ
655 3091 792 3180 δευτέρα
808 3094 984 3180 διαμέτρῳ,
1002 3086 1023 3176 ἢ
1038 3117 1142 3160 κατω-

197 3326 221 3375 3.
240 3317 398 3390 πρός(ρι.)]
419 3319 463 3374 bis
479 3339 505 3389 p.
580 3326 604 3375 5.
623 3316 766 3391 ὑπά(ρε,)]
786 3315 843 3374 ἀπό
858 3319 927 3408 Wp,
947 3336 1016 3408 ομιτ.
1032 3322 1140 3407 comm,

161 3391 234 3462 AN]
259 3394 334 3444 AH?
358 3409 384 3459 p.
476 3392 544 3446 Post
566 3390 638 3460 πρός
662 3392 717 3446 del.
737 3396 789 3445 AB
813 3389 862 3445 καὶ
886 3411 924 3452 ως
946 3412 1003 3460 αρα
1028 3390 1060 3446 τὸ
1081 3390 1139 3448 άπο

125 3467 184 3518 ΑΝ
200 3482 228 3533 p.
300 3466 324 3516 8.
345 3458 400 3518 ὑπό
412 3463 496 3534 (alt.)]
516 3479 585 3517 corr.
601 3479 635 3516 ex
649 3460 707 3516 ἀπό
727 3463 770 3519 W.
834 3462 928 3531 ΑΔΒ]
946 3466 968 3513 Α
983 3479 998 3516 e
1014 3478 1083 3517 corr.
1094 3466 1141 3520 W.
