2444 3892
427 144 705 199 PROLEGOMENA.
1012 145 1077 200 XIX

63 281 139 339 ἕκ-
160 300 228 352 om,
248 279 281 339 ori
301 286 431 339 διατοι-
452 303 520 349 om,
538 304 565 355 p.
585 292 610 355 2,
631 292 664 340 16
684 284 722 348 ὡς
741 283 858 356 ἔσχατον
877 290 943 357 orn.)
962 289 1077 357 propter

62 363 222 419 1111111111
239 363 266 418 V
284 363 417 433 detritas,
445 381 515 433 quae
539 366 568 418 in
591 365 798 434 antiquioribus
823 366 994 437 apographis
1018 368 1076 422 eius

62 446 192 499 seruatae
212 445 284 499 sunt.
311 444 341 498 in
361 445 421 500 cod.
442 452 457 500 6
476 448 592 515 propter
610 445 721 500 litteras
739 446 885 514 paululum
904 446 1075 501 deformatas

62 523 93 576 in
107 522 133 577 V
150 541 202 592 pro
221 525 328 592 κρίνειν
347 542 374 594 p.
389 530 416 592 4,
430 531 463 580 27
484 525 621 595 scriptum
637 527 681 579 est
697 527 833 593 κρίπτειν.
863 527 981 581 eundem
1001 542 1075 580 erro·

61 619 121 656 rem
139 602 245 658 habent
263 604 343 658 codd.
365 610 411 671 17,
432 610 478 675 18,
498 610 546 672 22,
571 604 621 674 qui
640 621 673 659 ea
691 620 721 658 re
740 622 758 658 1
776 606 836 660 cod.
856 612 872 660 6
891 606 1012 676 pondere
1032 621 1075 659 ar·

60 684 191 753 guantur.
228 685 375 752 praeterea
393 683 503 740 111122
524 686 553 738 11
566 703 591 754 p.
607 691 633 752 2,
649 689 754 738 15-16
774 685 887 740 easdem
905 685 1019 741 lucunas
1040 695 1115 737 Berol.
1125 698 1177 739 1515

60 761 148 817 habet
173 766 202 818 et
224 762 311 818 uerba
333 781 360 833 p.
381 767 460 830 8,12
480 756 572 818 ὦν-
593 771 625 818 13
645 759 729 835 ἑτέρᾳ
753 780 817 818 cum
836 765 896 820 eod.
917 771 932 820 6
952 765 1012 820 solo
1031 766 1075 821 bis

61 843 182 912 scripsit.
221 843 250 896 et
274 859 336 896 cum
360 841 400 896 sit
418 841 673 912 Meermannianus,
695 859 747 912 per
770 844 955 913 complurium
975 863 1074 900 manus

61 937 76 976 e
95 920 269 977 bibliotheca
287 921 430 990 profectus
451 924 493 977 est
511 920 657 976 Guillelmi
674 921 815 990 Pellicier,
834 925 883 992 qui
902 941 997 978 omnes
1015 925 1074 980 fere

60 1000 171 1056 codices
196 1017 260 1056 suos
283 1000 410 1056 Uenetiis
434 1000 633 1056 describendos
656 1003 811 1056 curauerut.
850 1002 936 1056 etiarn
958 1005 1018 1058 cod.
1039 1010 1179 1059 17111111,

60 1081 175 1136 easdem
194 1080 308 1135 lacunas
326 1080 390 1135 illas
409 1081 502 1149 habeb,
523 1082 572 1135 sed
591 1081 717 1151 expletas
737 1097 853 1136 amanu
867 1082 982 1151 recenti,
1002 1070 1177 1152 quae⁸¹¹p¹³¹·⁰

63 1160 163 1215 cadem
186 1161 313 1229 κρίτττειν
336 1160 366 1214 in
388 1163 496 1228 κρίνειν
524 1160 646 1215 correxit
673 1163 702 1216 et
729 1160 800 1216 alias
827 1160 1003 1217 coniecturas
1026 1164 1075 1216 ad-

59 1239 183 1311 scripsit,
212 1241 292 1294 11111
314 1258 342 1310 p.
362 1246 387 1309 4,
408 1246 440 1293 10
459 1238 622 1312 παράδοξοι]
641 1259 697 1310 mg.
716 1247 853 1312 παντοῖοι,
880 1260 907 1311 p.
927 1248 953 1313 4,
974 1249 1006 1297 12
1026 1244 1076 1298 καὶ

58 1319 204 1391 κάλλιστα]
228 1338 284 1388 mg.
304 1318 377 1373 κοιλά
396 1321 458 1387 καί,
486 1339 513 1390 p.
532 1326 562 1387 4,
582 1327 616 1374 21
641 1319 841 1393 συμβάλλουσι]
864 1323 933 1376 mut.
952 1322 983 1377 in
1006 1340 1075 1392 συμ-

59 1397 168 1472 βάλλει,
191 1417 247 1469 mg.
266 1399 315 1453 καὶ
334 1395 529 1469 ἀντικείμενοι
547 1396 759 1470 ἀντικειμέναις
781 1397 856 1455 κατὰ
874 1399 952 1456 πόσοι
970 1410 1074 1472 σημεῖα

58 1477 259 1550 συμβάλλουσι,
288 1478 348 1533 sine
372 1479 457 1535 dubio
480 1479 569 1549 ipsius
591 1479 728 1534 Bullialdi
752 1483 801 1535 est.
849 1481 924 1536 hunc
947 1482 1073 1538 codicem

59 1558 186 1614 Uenetiis
206 1559 343 1628 scriptum
363 1575 430 1627 esse,
451 1559 541 1627 docet,
562 1561 638 1627 quod
656 1560 802 1629 problema
819 1559 891 1614 illud
910 1560 944 1616 de
964 1561 1072 1617 duabus

59 1638 161 1693 mediis
184 1639 442 1708 proportionalibus
465 1638 584 1695 eMurc.
605 1645 656 1694 301
677 1639 805 1708 sumpsit.
843 1639 940 1694 Sereni
958 1640 1072 1697 libellus

58 1719 95 1773 de
111 1717 234 1774 sectione
248 1719 312 1773 coni
325 1719 397 1773 falso
412 1717 575 1773 inscribitur
594 1717 724 1787 Σεοὴνου
740 1716 898 1782 herivaeus
912 1718 1071 1790 φιλοσόφου

56 1798 122 1867 περὶ
153 1795 246 1853 κώνου
279 1799 366 1867 τομῆς
394 1796 432 1871 β’,
464 1797 532 1866 quia
563 1799 593 1853 in
620 1800 681 1853 cod.
706 1805 736 1866 6,
773 1799 822 1853 ubi
853 1799 1000 1869 inscriptio
1029 1802 1072 1856 est

56 1877 123 1946 περὶ
140 1879 291 1947 κυλίνδρου
310 1879 397 1947 τομῆς
415 1877 454 1950 β’,
479 1895 565 1948 supra
583 1880 735 1947 κυλίνδρου
760 1878 896 1947 scriptum
915 1881 959 1933 est
977 1875 1071 1934 κώνου

55 1957 316 2029 11111111οβ’11111
341 1958 447 2025 deleto,
476 1958 553 2027 quod
575 1973 632 2012 non
656 1956 858 2011 animaduertit
875 1958 1005 2012 librarius
1024 1974 1069 2012 co-

55 2036 129 2091 dicis
153 2041 194 2091 17.
242 2036 301 2091 cod.
322 2041 355 2092 18
379 2036 495 2091 lacunas
518 2037 606 2092 habet
628 2036 725 2106 postea
748 2036 888 2104 expletas3
918 2053 1015 2092 uersus
1046 2047 1136 2091 Moneo.
1150 2053 1177 2093 11

57 2117 142 2170 finem
161 2115 253 2170 libelli
275 2117 310 2171 de
332 2114 456 2172 sectione
479 2116 600 2185 cylindri
620 2117 721 2172 habet:
748 2110 897 2184 „descritur
924 2118 1008 2171 δοκεῖ
1027 2113 1072 2172 ἐκ·

56 2197 167 2251 λείπειν
191 2194 239 2249 καὶ
263 2191 300 2264 μὴ
326 2192 498 2251 ἀκολουθεῖν
521 2192 553 2250 τὸ
578 2191 726 2267 ἑπόμενον.
765 2195 805 2251 sic
827 2195 938 2251 videtur
961 2196 1070 2266 uliquid

55 2278 182 2343 deesse“,
206 2291 278 2344 quae
302 2273 390 2329 uerba
411 2275 458 2329 hic
478 2275 509 2329 in
528 2276 587 2331 cod.
607 2282 623 2330 6
642 2275 792 2346 adscripsit
809 2277 956 2332 Bessarion
974 2273 1070 2346 (ἐλλεί-

54 2375 122 2411 πειν
135 2371 186 2426 pro
201 2349 351 2424 ἐκλείπειν,
370 2355 426 2410 hic
439 2355 552 2411 videtur
568 2354 676 2424 aliquid
690 2355 854 2424 deficere3
870 2356 972 2412 Latina
982 2358 1069 2412 etiam

56 2435 120 2493 cod.
135 2441 168 2490 22
187 2437 241 2490 hoc
259 2433 322 2490 loco
342 2434 429 2490 habet
446 2453 560 2506 prorsus
578 2437 612 2491 ut
624 2436 794 2505 Bessarion);
813 2438 843 2490 in
860 2436 915 2491 fine
928 2436 1019 2491 libelli
1034 2437 1068 2490 de

54 2515 179 2571 sectione
203 2517 267 2570 coni
290 2515 400 2570 addidit
418 2514 448 2569 in
467 2516 528 2570 cod.
545 2523 560 2570 6
578 2515 739 2571 Bessarion:
764 2511 816 2584 οὐχ
835 2510 951 2584 εὕρηται
969 2515 1069 2581 πλέον,

54 2595 155 2652 eadem
174 2596 273 2650 eodem
292 2594 355 2650 loco
375 2597 481 2651 habent
499 2596 578 2651 codd.
599 2601 633 2651 18
653 2598 743 2649 1122.

126 2679 306 2745 praetereas
326 2675 388 2730 cod.
404 2683 419 2730 6
439 2676 596 2745 descriptus
615 2679 659 2730 est
678 2675 801 2741 cod.10;
820 2689 886 2727 nam
906 2676 934 2728 et
952 2674 1067 2728 lacunas
1077 2684 1172 2728 11111.

54 2775 84 2826 p.
100 2761 126 2824 2,
143 2760 246 2809 15-16
262 2754 347 2809 habet
365 2757 394 2810 et
407 2759 473 2826 post
487 2755 620 2810 Ser-enum
635 2761 717 2810 notas
731 2752 906 2810 Bessarionis
925 2739 1175 2822 (rosaceum-⁷

55 2839 142 2891 δοκεῖ
161 2833 283 2891 ἐλλείποι
306 2835 355 2890 καὶ
380 2835 417 2906 μὴ
440 2831 614 2891 ἀκολουθεῖν
637 2832 668 2890 τὸ
694 2832 848 2905 ἑπόμενον,
876 2829 928 2902 οὐχ
953 2826 1069 2902 εὕρηται

53 2913 163 2985 πλέον).
191 2919 221 2972 11
234 2915 318 2986 Diegi
332 2917 367 2970 de
382 2916 517 2971 Mendoza
530 2916 586 2972 fuit
600 2914 704 2986 (Graux
719 2916 812 2970 Fonds
827 2914 898 2968 Grec
913 2911 1068 2967 d'Escurial

52 3015 82 3066 p.
97 2999 170 3064 268),
190 3013 273 3064 quem
293 2998 404 3051 constat
422 2996 624 3051 bibliothecam
638 3013 717 3050 snam
731 2993 903 3065 apographis
917 2991 1067 3047 Marcianis

50 3076 223 3144 impleuisse.

126 3173 276 3225 pergamus
294 3156 324 3210 in
338 3153 494 3226 propagine
509 3154 613 3210 codicis
628 3155 651 3209 V
670 3154 866 3209 enumeranda.
894 3152 953 3207 cod.
970 3157 1013 3222 16,
1020 3164 1172 3267 Pansirsuffii

52 3255 118 3292 cum
136 3253 164 3305 p.
184 3242 210 3303 2,
230 3241 263 3290 16
281 3231 352 3304 πρὸς
370 3233 462 3307 turigo
482 3231 695 3301 1111311111,
720 3251 747 3302 p.
767 3241 794 3301 2,
815 3237 846 3286 17
867 3230 984 3302 ἔσχατον
1003 3228 1065 3287 ἒπε-

50 3320 152 3388 postea
169 3316 200 3370 in
219 3316 310 3385 spatio
329 3331 418 3370 uacuo
436 3315 544 3370 inserta
561 3315 674 3382 habeat,
693 3329 806 3368 necesse
825 3315 868 3369 est
884 3328 899 3366 c
913 3312 947 3381 V,
966 3314 1065 3381 inquo

50 3398 167 3453 litterae
190 3397 257 3451 illae
281 3398 466 3464 ouanuerunt,
493 3394 630 3464 originem
654 3395 755 3448 ducere
779 3392 838 3447 siue
856 3392 919 3463 ipso
938 3394 998 3448 siue
1016 3409 1067 3462 per

52 3474 256 3547 apographum.
293 3476 328 3530 de
348 3476 408 3532 cod.
429 3482 444 3530 6
463 3475 629 3529 intermedio
655 3471 774 3543 cogitari
797 3490 854 3528 non
871 3476 979 3543 potest,
1001 3471 1069 3540 quia

869 3560 909 3614 b*
