2444 3892
284 187 435 239 nunoon
454 186 716 239 conunnrama
732 188 773 240 rn
792 188 934 242 comcs.
1048 186 1110 252 181

105 331 215 395 datam
245 334 367 395 rectam
395 334 552 414 punalum
578 329 775 415 inueniatur,
807 353 913 416 aquo
937 334 1045 397 reciae
1073 333 1113 397 ad

100 438 257 501 terminos
286 437 382 502 dalae
409 442 518 502 rectae
546 435 659 501 duciae
689 438 776 501 inter
803 458 837 501 se
865 439 1015 522 aequales
1039 439 1112 523 sint,

99 543 152 608 hie
185 565 312 628 quoque
348 565 414 608 non
451 565 551 607 unum
584 544 688 607 solum
720 546 877 625 punctum
909 546 1112 628 propositum

100 649 209 734 elficit,
232 650 288 714 sed
311 650 416 734 loeus,
440 671 537 734 quem
561 650 687 715 obtinet
710 654 799 714 reeta
822 672 841 714 a
865 656 983 733 puncto
1007 653 1111 718 medio

100 756 375 841 perpendicularis
395 757 503 837 duola3
521 778 598 820 narn
617 756 644 820 si
660 756 737 820 dala
755 758 844 822 reela
858 756 893 820 in
907 757 987 821 duas
1004 760 1112 841 paries

101 864 251 946 aequales
267 867 355 929 secta
370 886 389 928 a
402 866 524 946 punolo
538 863 644 928 medio
663 862 959 947 perpendicularem
978 862 1114 946 duxeris,

101 970 315 1054 quodeunque
351 971 387 1034 in
419 991 457 1034 ea
490 970 665 1053 sumpseris
696 972 871 1053 punotum,
907 968 1114 1052 propositum

101 1076 227 1141 efficiet.

168 1184 272 1247 simile
300 1183 453 1267 quiddam
482 1182 517 1248 in
544 1182 631 1247 Loco
655 1184 809 1249 resoluto·
829 1186 862 1249 el
885 1182 955 1266 ipse
979 1180 1114 1265 Apollo·

98 1289 173 1353 nius
197 1289 319 1368 scribit,
342 1293 379 1354 ut
402 1289 489 1354 infra
513 1289 673 1354 dedimus:

167 1396 252 1460 datis
277 1396 402 1461 duobus
426 1396 461 1459 in
485 1396 583 1479 plano
607 1395 736 1479 punctis
756 1399 789 1459 el
807 1394 1018 1478 proportione
1039 1395 1114 1459 dua-

98 1525 171 1566 rum
198 1507 360 1567 reolarum
388 1501 609 1585 inaequalium
637 1501 707 1567 fieri
735 1505 860 1586 potest,
893 1505 930 1567 ut
957 1501 992 1565 in
1014 1502 1113 1585 plano

101 1609 239 1674 oiroulus
264 1609 477 1691 describatur,
506 1609 553 1673 ita
576 1614 613 1674 ut
635 1614 743 1674 reatae
767 1631 786 1673 a
809 1609 894 1673 datis
917 1610 1049 1693 punctis
1072 1607 1114 1673 ad

101 1715 259 1780 ambitum
287 1716 399 1781 oirouli
429 1717 551 1780 fraotae
579 1716 739 1780 rationem
767 1716 912 1781 habeant
940 1717 1036 1780 datae
1060 1736 1113 1780 ae·

100 1823 235 1905 qualem.

167 1929 232 1992 sint
251 1934 292 2012 A,
305 1932 334 1992 Β
358 1931 480 2011 punola
500 1928 585 2011 dala,
609 1928 685 1993 data
705 1931 812 1991 aulem
829 1928 999 2011 proportio
1014 1930 1113 2006 ΓτΔ,

100 2035 148 2098 ita
166 2036 203 2098 ul
218 2037 250 2098 Γ
270 2034 375 2099 maior
394 2032 447 2097 sil.
484 2036 614 2114 oportet
635 2033 738 2116 igilur
757 2034 960 2116 propositum
979 2032 1112 2098 efficere.

102 3200 237 3264 dueatur
251 3203 316 3264 AB
335 3202 368 3264 et
387 3198 427 3263 ad
446 3202 556 3282 partes
574 3204 603 3264 B
626 3223 739 3266 uersus
757 3202 962 3285 producatur,
981 3203 1113 3288 fiatque,

102 3310 140 3370 ut
158 3311 191 3370 A
206 3308 264 3389 εΓ,
287 3306 334 3370 ita
353 3308 385 3369 Γ
404 3305 444 3369 ad
468 3307 566 3371 aliam
589 3308 741 3393 aliquam,
765 3330 847 3392 quae
867 3309 991 3374 scilieet
1009 3309 1113 3375 maior

102 3415 152 3476 esl
174 3435 271 3497 quam
294 3416 336 3495 A,
360 3413 465 3496 sitque
490 3436 528 3477 ea
551 3417 583 3476 Ε
596 3416 635 3494 4·
652 3420 699 3499 A3
723 3419 756 3479 et
778 3437 890 3480 rursus
914 3416 973 3481 fiai

350 3523 864 3589 E:AB=A:Bz=s:H.
1085 3524 1088 3529 ’
