2452 3900
129 139 196 203 232
414 139 678 201 οοοωιωανιιοω
695 139 865 204 mmm.

128 281 207 350 νικδι
240 279 411 369 γράφουσι
445 281 502 347 διὰ
535 278 596 366 την
629 277 774 368 ἀπορίαν
806 283 874 348 τῶν
908 278 1066 368 δργοίνων
1095 281 1153 349 καὶ

128 386 290 468 πολλάκις
317 387 374 455 διὰ
403 396 555 474 συνεχῶν
583 390 731 474 σημείων
753 386 899 475 γράφειν
921 387 980 466 τὰς
1002 390 1064 455 τοῦ
1086 388 1153 457 κοτ’-

129 520 194 562 νον
221 492 324 581 τομὰς
352 494 389 561 έν
417 493 576 583 ἐπιπέδῳ,
604 492 662 561 διδι
690 491 814 561 τούτου
841 502 902 560 τοῦ
930 492 1153 581 θεωρήματος

129 607 199 669 ἔστι
222 606 430 689 πορίσασθαι
454 602 577 686 συνεχῆ
601 612 732 687 σημεῖα,
757 596 801 667 δι’
829 591 878 666 ὧν
900 598 1111 688 γραφήσεται
1130 605 1151 689 η

92 707 304 795 σπαραβολὴ
331 705 476 787 κανόνος
503 707 696 794 παραθέσει.
744 705 804 774 έδιν
832 705 898 795 γὰρ
925 709 1076 795 έκθῶμαι
1101 707 1153 776 εὐ-

127 823 230 883 θείαν
257 811 303 894 ὥς
324 811 387 900 την
409 820 475 880 ΑΒ
498 811 554 879 καὶ
579 809 631 880 ἐπ’
657 810 759 899 αὐτῆς
777 814 869 899 λοίβω
889 818 1012 901 συνεχῆ
1033 830 1156 902 σημεῖα

129 920 174 1002 ὡς
197 921 237 989 τδι
262 928 303 1007 Ε,
325 928 351 987 Ζ
374 919 430 988 καὶ
454 916 510 987 ἀπ’
542 917 653 988 αὐτῶν
681 916 764 1007 πρὸς
793 915 901 1008 ὀρθδις
928 924 968 1010 τῇ
997 928 1063 988 ΑΒ
1095 923 1154 990 καὶ

128 1029 259 1114 ποιήσω
288 1027 332 1108 ὡς
361 1026 420 1106 τδις
448 1030 526 1112 ΕΓ,
551 1034 616 1093 ΖΛ
644 1023 758 1113 λαβὼν
787 1026 841 1094 ἐπὶ
868 1030 927 1114 τῆς
956 1033 1023 1094 ΕΓ
1045 1028 1151 1114 τυχὸν

129 1146 270 1221 σημελον
298 1132 336 1201 τὸ
360 1139 404 1220 Γ,
432 1136 463 1199 εί
486 1131 549 1218 μὲν
572 1129 755 1220 εὐρυτέραν
778 1138 988 1220 βουληθείην
1011 1138 1153 1220 ποιῆσαι

75 1255 111 1304 10
129 1238 343 1329 παραβολήν,
367 1237 482 1327 πόρρω
506 1250 568 1306 τοῦ
591 1245 635 1324 Ε,
660 1242 691 1305 εί
713 1237 751 1306 δὲ
775 1238 992 1327 στενωτέραν,
1020 1239 1152 1327 ἐγγύτε-

129 1373 208 1433 ρον,
236 1346 293 1414 καὶ
316 1345 462 1432 ποιήσω,
487 1344 530 1425 ὥς
553 1344 615 1431 τὴν
639 1353 708 1412 ΑΕ
729 1344 812 1433 πρὸς
835 1353 915 1432 ΑΖ,
938 1345 977 1413 τὸ
1002 1343 1068 1415 ἀπὸ
1088 1355 1158 1416 ΕΓ

129 1453 214 1542 πρὸς
247 1452 285 1521 τὸ
319 1450 383 1518 ἀπὸ
413 1458 496 1547 ΕΛ,
528 1451 569 1518 τὰ
597 1457 639 1535 Γ,
668 1459 702 1517 Λ
732 1464 851 1539 σημεῖα
881 1453 934 1520 ἐπὶ
960 1456 1019 1540 τῆς
1046 1465 1153 1541 τομῆς

130 1565 231 1627 ἔσται.
269 1556 393 1644 ὁμοίως
417 1555 454 1624 δὲ
476 1557 533 1624 καὶ
556 1557 641 1624 ἄλλα
665 1556 854 1644 ληψόμεθα,
878 1555 924 1625 δι’
952 1551 1000 1626 οἷν
1019 1561 1150 1648 γραφη-

130 1686 222 1731 σεται
246 1661 267 1750 ἡ
290 1661 475 1751 παραβολή.

78 1802 112 1851 15
528 1791 599 1868 Είς
622 1785 663 1856 τὸ
687 1788 752 1857 κα’.

202 1907 247 1977 Τὸ
272 1909 433 1999 θεώρημα
457 1915 573 1999 σαφῶς
597 1917 738 1980 ἔκκειται
761 1912 817 1979 καὶ
839 1916 967 1980 πτῶσιν
989 1911 1052 1981 οὐκ
1071 1919 1153 2002 ἔχει·

131 2022 185 2086 δεί
206 2019 322 2105 μέντοι
347 2019 536 2105 ἐπιστῆσαι,
561 2017 612 2087 ὅτι
634 2017 655 2105 ἡ
679 2017 758 2107 παρ’
784 2015 828 2105 ἣν
853 2019 1032 2104 δύνανται,
1055 2047 1153 2090 τουτ-

132 2126 224 2192 έστιν
252 2121 273 2210 ἡ
302 2123 406 2213 ὀρθία
433 2125 575 2213 πλευραί,
604 2126 658 2193 ἐπὶ
685 2136 748 2194 τοῦ
774 2124 900 2193 κύκλον
929 2135 983 2213 ίση
1012 2129 1082 2196 ἐστὶ
1111 2141 1152 2219 τῇ

133 2231 308 2321 διαμέτρῳ.
347 2236 378 2299 εί
399 2231 463 2320 γάρ
488 2234 590 2317 ἐστιν,
615 2230 660 2312 ὡς
682 2259 720 2300 το
741 2231 807 2300 ἀπὸ
828 2240 898 2299 ΔΕ
918 2231 1001 2319 πρὸς
1023 2233 1062 2303 τὸ
1081 2233 1151 2304 ὑπὸ

76 2352 113 2402 20
131 2345 243 2424 ΑΕΒ,
267 2335 288 2423 ἡ
311 2344 376 2405 ΓΑ
399 2335 483 2427 πρὸς
506 2346 587 2422 ΑΒ,
611 2346 687 2406 ἴσον
712 2339 749 2406 δὲ
771 2338 809 2407 τὸ
834 2338 899 2407 ίιπὸ
924 2347 994 2408 ΔΕ
1013 2345 1059 2432 τῳ
1081 2339 1151 2412 ὑπὸ

130 2449 232 2508 ΑΕΒ
265 2442 319 2509 ἐπὶ
351 2447 413 2511 τοῦ
446 2441 571 2510 κύκλον
604 2444 727 2530 μόνον,
761 2452 815 2530 ίση
850 2443 916 2533 ἄρα
948 2447 1003 2514 καὶ
1036 2445 1057 2533 ἡ
1085 2455 1153 2516 ΓΑ

130 2550 171 2635 τῇ
195 2556 270 2615 ΑΒ.

200 2657 253 2721 δεῖ
280 2654 317 2722 δὲ
344 2657 400 2724 καὶ
428 2659 527 2725 τοῦτο
557 2659 698 2743 εἰδέναι,
727 2656 779 2727 ὅτι
807 2661 845 2725 αί
865 2659 1089 2747 καταγόμεναι
1114 2663 1152 2729 έν

130 2764 172 2849 τῇ
204 2764 266 2828 τοῦ
298 2759 423 2831 κύκλον
455 2769 650 2854 περιφερείᾳ
680 2762 763 2852 πρὸς
791 2763 901 2853 ὀρθάς
929 2770 993 2834 είσι
1020 2769 1153 2847 πάντως

76 2883 113 2933 25
131 2871 173 2955 τῇ
201 2869 366 2959 διαμέτρῳ
390 2869 446 2936 καὶ
471 2869 521 2936 ἐπ’
552 2868 688 2950 εὐθείας
710 2876 863 2956 γίνονται
886 2886 958 2952 ταῖς
980 2874 1151 2960 παραλλή-

130 2982 204 3053 λοις
226 2977 266 3063 τῇ
290 2973 364 3044 ΛΓ.

201 3080 257 3148 διὰ
292 3081 330 3149 δέ
359 3081 481 3150 τούτου
508 3085 571 3152 τοῦ
599 3087 818 3172 θεωρήματος
844 3090 890 3177 τῷ
919 3087 1009 3176 αὐτῷ
1038 3085 1152 3177 τρόπῳ

131 3202 203 3267 τοῖς
231 3188 284 3256 έπὶ
311 3191 370 3274 τῆς
398 3196 590 3277 παραβολῆς
616 3192 805 3277 εἰρημένοις
828 3193 1048 3280 προσέχοντες
1071 3192 1153 3280 γρά-

207 3355 230 3403 1.
250 3349 469 3420 νράφονσινλδῗ.
525 3345 714 3441 απορί,αν]ρ
734 3369 803 3407 corr.
819 3369 853 3406 ex
867 3353 1056 3419 απορειανιη
1074 3353 1151 3411 1W.

170 3418 342 3511 MovwW.
400 3425 422 3476 7.
438 3421 551 3493 τ]την
561 3421 630 3490 Wp
647 3439 715 3478 corr.
728 3421 832 3478 Comm.
893 3423 941 3479 ναὶ
951 3421 1071 3494 ποιησω]
1085 3423 1154 3481 fort

133 3484 220 3543 δυο
203 3491 361 3562 αναοτησω
417 3497 442 3548 8.
462 3494 526 3566 ΖΔ]
548 3493 651 3564 sz,
671 3510 740 3553 corr.
756 3494 860 3552 Comm.
916 3495 989 3567 ΕΓ]
1010 3494 1152 3566 ETWp,
