2444 3892
164 186 228 251 198
443 184 708 239 οοιιιιαανιιαι
725 183 893 248 mmm.

163 330 254 396 ἐστιν
282 334 354 412 ἴση,
382 324 480 412 βάσις
507 325 572 411 ἄρα
599 322 620 411 ἡ
645 332 712 393 AE
732 327 772 413 τῇ
795 330 860 392 ΓΕ
881 326 971 393 ἐστιν
996 331 1065 411 ἴση.
1118 326 1192 395 ἐπεὶ

164 425 226 501 οὖν
254 429 275 518 ἡ
305 440 375 500 ΑΕ
399 435 439 521 τῇ
468 438 531 500 ΓΕ
558 435 648 500 ἐστιν
676 440 748 518 ἴση,
775 429 874 517 κοινὴ
902 430 939 498 δὲ
966 429 988 517 ἡ
1013 437 1103 518 ΕΔ,
1132 434 1192 502 καῖ

163 545 272 625 γωνία
299 536 320 625 ἡ
350 535 416 606 ὑπὸ
439 545 544 606 ΑΕΔ
571 543 610 628 τῇ
636 535 702 606 ὑπὸ
725 543 827 605 ΓΕΔ
849 545 920 623 ἴση,
948 536 1047 624 βάσις
1072 536 1191 627 ἅραὴ

163 652 234 713 ΔΑ
260 649 300 734 τῇ
326 651 396 712 ΔΓ
419 646 511 733 ἐστιν
539 655 604 731 ἴση.
655 641 779 731 ὁμοίως
807 642 849 731 δὴ
875 643 931 711 ιιαῖ
959 646 1066 712 πᾶσαι
1098 649 1189 734 δειχ-

127 752 328 839 5θήσονται
361 755 399 820 αἴ
428 759 505 820 ἴσον
535 751 719 838 ἀπέχουσαι
747 745 768 837 ἢ
795 754 854 837 τῆς
881 757 948 817 ΔΒ
975 745 997 837 ἢ
1025 754 1089 838 τῆς
1118 760 1189 820 ΔΘ

163 866 241 927 ἴσαι.
282 858 338 926 καῖ
361 859 432 926 ἐπεὶ
456 861 492 926 ἐν
516 859 625 947 κύκλῳ
649 861 695 948 τῷ
717 861 821 923 ΑΒΓ
839 855 892 922 ἐπὶ
914 859 974 942 τῆς
996 859 1188 947 διαμέτρου

163 973 315 1051 εἴληπται
347 978 487 1052 σημεῖον
519 967 556 1031 τὸ
585 971 616 1030 Ε
642 962 686 1050 μὴ
715 957 756 1031 ὂν
784 964 925 1050 κέντρον
951 973 1014 1031 τοῦ
1040 964 1185 1052 κύκλου,

161 1076 299 1158 μεγίστη
327 1071 388 1158 μὲν
412 1069 432 1157 ἡ
457 1078 535 1156 ΕΒ,
559 1070 712 1157 ἐλαχίστη
737 1068 775 1137 δὲ
798 1065 818 1156 ἡ
843 1067 996 1154 ΕΘ,ἀεῖ
1021 1069 1060 1139 δὲ
1083 1068 1106 1159 ἡ
1132 1078 1186 1158 ἐγ-

163 1204 238 1262 γιον
265 1182 324 1265 τῆς
351 1186 413 1247 ΕΘ
440 1187 500 1265 τῆς
527 1173 700 1265 ἀπώτερόν
732 1178 822 1244 ἐστιν
850 1178 1014 1245 ἐλάσσων·
1045 1175 1134 1247 ὥστε
1162 1177 1183 1265 ἡ

113 1302 146 1350 10
165 1292 229 1352 ΕΘ
250 1287 308 1369 τῆς
331 1292 393 1351 ΕΖ
416 1285 508 1353 ἐστιν
532 1283 693 1351 ἐλάσσων.
729 1283 785 1349 καῖ
809 1281 922 1370 ἐπείη
946 1290 1012 1350 ΘΕ
1031 1287 1094 1370 τῆς
1118 1292 1185 1352 ΖΕ

163 1390 316 1459 ἐλάσσων
347 1393 454 1474 ἐστίν,
487 1389 583 1476 κοινὴ
618 1388 655 1456 δὲ
682 1389 738 1456 καῖ
765 1387 849 1476 πρὸς
878 1386 984 1476 ὀρθὰς
1012 1385 1133 1470 αὐταῖς
1160 1387 1181 1479 ἡ

163 1504 242 1581 ΕΔ,
266 1495 363 1583 βάσις
386 1496 453 1581 ίίρα
471 1492 492 1580 ἡ
512 1502 577 1562 ΔΘ
596 1492 724 1581 βάσεως
743 1499 801 1581 τῆς
820 1501 887 1562 ΛΖ
907 1494 1058 1564 ἐλάσσων
1080 1499 1181 1566 ἐστίν.

161 1600 264 1670 πάλιν
288 1601 358 1669 ἐπεὶ
381 1599 401 1687 ἡ
426 1601 487 1687 μὲν
511 1609 574 1668 ΕΖ
598 1599 712 1687 ἐγγιόν
736 1603 805 1670 ἐστι
828 1607 887 1689 τῆς
907 1609 980 1688 ΕΘ,
1004 1599 1025 1688 ἡ
1049 1603 1089 1672 δὲ
1113 1612 1183 1672 ΑΕ

163 1708 373 1793 πορρωτέρω,
397 1706 549 1776 ἐλάσσων
574 1708 664 1776 ἐστὶν
688 1705 708 1795 ἡ
733 1715 795 1775 ΕΖ
817 1711 876 1795 τῆς
898 1716 984 1779 ΑΕ..
1020 1710 1093 1777 ἐπεὶ
1116 1703 1180 1779 οὖν

110 1831 143 1880 15
164 1812 314 1881 ἑλίσσων
342 1811 363 1902 ἡ
392 1821 455 1881 ΕΖ
486 1825 545 1900 τῆς
573 1823 654 1902 ΕΑ,
685 1813 782 1900 κοινὴ
812 1814 850 1883 δέ
877 1817 933 1882 καί
960 1818 1043 1902 πρὸς
1072 1815 1181 1905 ὀρθάς

162 1922 252 1989 ἐστιν
271 1917 387 2002 αὐταῖς
410 1918 430 2008 ἡ
449 1930 529 2009 ΕΔ,
554 1921 651 2008 βάσις
669 1921 735 2010 ι’ίρα
753 1918 774 2010 ἡ
793 1927 861 1989 ΔΖ
883 1921 1012 2008 βάσεως
1030 1926 1091 2008 τῆς
1109 1931 1180 1993 ΔΛ

162 2031 253 2097 ἐστιν
276 2029 439 2099 ἐλάσσων.
484 2029 588 2100 πάλιν
612 2030 682 2098 ἐπεὶ
705 2038 761 2116 ἴση
786 2028 898 2114 ἡΑΚ
918 2032 957 2116 τῇ
978 2036 1055 2114 KB,
1080 2031 1179 2118 κοινὴ

162 2136 200 2204 δὲ
222 2133 243 2223 ἡ
267 2141 344 2222 ΚΕ,
368 2139 431 2205 δύο
455 2141 492 2204 αἴ
513 2145 594 2221 ΑΚ,
614 2143 683 2205 ΚΕ
704 2136 766 2204 δύο
789 2148 861 2215 ταῖς
883 2143 961 2221 ΒΚ,
982 2142 1061 2221 ΚΕ,
1085 2163 1180 2206 τοντ-

163 2244 253 2311 ίστιν
282 2241 342 2332 ὅλη
370 2256 410 2332 τῇ
440 2250 556 2328 ΒΚΕ,
586 2247 671 2309 εἴσιν
700 2250 779 2309 ἴσαι.
834 2240 907 2310 ἀλλ’
939 2245 977 2309 αί
1001 2247 1087 2327 ΑΚ,
1112 2250 1183 2311 ΚΕ

110 2365 143 2414 20
163 2353 222 2435 τῆς
244 2357 313 2417 ΑΕ
338 2351 485 2437 μείζονές
513 2353 611 2415 εἰσιν·
639 2349 694 2414 καῖ
722 2344 742 2432 ἡ
763 2355 821 2415 ΕΒ
850 2349 916 2436 ἄρα
939 2352 998 2436 τῆς
1020 2356 1089 2416 ΕΑ
1113 2356 1181 2435 μεί-

163 2460 227 2536 ζων
251 2458 350 2523 ἐστίν.
387 2454 488 2523 πάλιν
512 2453 581 2521 ἐπεὶ
605 2448 625 2539 ἡ
645 2460 712 2519 ΕΑ
733 2458 791 2538 τῆς
810 2460 872 2520 ΕΒ
897 2455 1049 2522 ἑλίσσων
1074 2457 1180 2542 ἐστίν,

161 2560 259 2649 κοινὴ
283 2562 320 2630 δὲ
343 2561 399 2629 καῖ
422 2565 504 2646 πρὸς
528 2555 635 2647 ὀρθὰς
658 2556 775 2638 αὐταῖς
798 2556 819 2645 ἡ
842 2567 922 2646 ΕΛ,
946 2561 1044 2648 βάσις
1067 2560 1135 2649 ἄρα
1159 2558 1181 2649 ἡ

162 2677 233 2737 ΔΑ
256 2668 385 2753 βάσεως
406 2673 464 2754 τῆς
488 2674 555 2734 ΑΒ
579 2669 669 2734 ἐστιν
693 2664 853 2735 ἐλάσσων.
890 2669 959 2735 ἐπεὶ
984 2659 1046 2735 οὖν
1070 2664 1092 2754 ἡ
1112 2677 1182 2736 ΔΘ

162 2779 221 2860 της
244 2781 311 2841 ΔΖ
335 2774 503 2858 ἐλάσσων,
532 2769 551 2858 ἡ
577 2771 613 2840 δὲ
636 2778 703 2839 ΔΖ
725 2776 784 2859 τῆς
805 2779 892 2858 ΔΑ,
919 2770 940 2860 ἡ
965 2773 1002 2842 δὲ
1026 2781 1098 2841 ΔΑ
1120 2777 1183 2862 τῆς

110 2893 144 2943 25
163 2886 244 2965 ΔΒ,
270 2883 423 2967 ἐλαχίστη
447 2879 509 2966 μέν
533 2880 623 2946 ἐστιν
646 2875 666 2965 ἡ
692 2885 759 2946 ΔΘ
780 2879 837 2947 καὶ
859 2880 899 2948 τὰ
923 2880 1005 2966 ἑξῆς.

231 2984 368 3070 Πίσης
386 2985 590 3072 καμπύλης
608 2990 803 3073 γραμμῆς,
822 2985 908 3072 ἥτις
926 2986 1034 3055 ἐστὶν
1055 2988 1097 3054 ἐν
1117 2988 1183 3056 ἑνὶ

164 3093 350 3182 ἐπιπέδῳ,
385 3089 600 3179 διάμετρον
627 3096 730 3161 καλῶ
763 3093 828 3160 καῖ
854 3090 900 3160 τὰ
923 3093 1018 3180 ἑξῆς.
1074 3097 1113 3161 τὸ
1143 3097 1183 3164 ἐν

163 3199 215 3266 ἑνῖ
247 3198 390 3290 ἐπιπέδῳ
423 3194 494 3266 εἴπε
526 3198 583 3266 διὰ
611 3197 674 3284 τὴν
702 3199 793 3267 ἕλικα
820 3202 881 3266 τοῦ
908 3198 1095 3285 κνλίνὸρον
1122 3202 1183 3270 καὶ

235 3400 259 3450 4.
281 3396 351 3466 ΔΓ]
371 3393 516 3464 APWp,
536 3411 605 3449 corr.
625 3394 730 3450 Comm.
800 3399 824 3448 8.
843 3388 878 3464 ἡ]
898 3411 929 3462 p,
949 3389 982 3447 αἴ
997 3393 1043 3450 W.
1112 3398 1181 3470 ΕΒ]

159 3481 179 3519 ο
197 3481 266 3520 corr.
286 3484 312 3535 p.
418 3472 459 3521 13.
488 3466 553 3537 AE]
572 3483 605 3534 p,
628 3468 654 3519 E
672 3464 716 3519 W.
818 3469 859 3519 16.
889 3469 940 3518 ΔΑ
978 3472 999 3519 Α
1023 3481 1128 3522 eoorr.
1149 3486 1179 3537 p.

197 3541 240 3592 20,
262 3535 316 3592 είσι
332 3556 360 3608 p.
434 3544 476 3593 26.
496 3537 528 3599 ξ-
558 3553 615 3606 mg.
634 3535 679 3592 W.
752 3541 795 3590 28.
816 3530 894 3590 εἶπεν
953 3575 959 3589 .

598 3810 727 3846 Α
