2444 3892
349 679 628 755 OONIOORUM
654 678 799 752 LIBER
825 678 888 752 IV.

176 835 372 919 Apollonius
396 835 512 900 Attalo
538 857 562 901 s.

177 940 272 1006 Prius
300 941 486 1006 conioorum
514 963 533 1005 a
561 940 656 1006 nobis
684 941 720 1005 in
749 944 821 1006 octo
849 940 943 1006 libris
968 942 1127 1026 conserip-

108 1050 218 1112 torum
242 1047 364 1131 primos
389 1051 454 1112 tres
477 1048 609 1132 exposui
629 1047 669 1112 ad
688 1047 869 1112 Eudemum
888 1047 1140 1135 Pergamenum¹

111 1173 166 1217 eos
191 1153 333 1236 mittens,
356 1153 413 1218 illo
437 1157 543 1219 autem
568 1157 696 1218 mortuo
719 1155 862 1238 reliquos
886 1153 927 1219 ad
946 1157 979 1218 te
998 1152 1127 1218 mittere

108 1259 292 1344 statuimus,
311 1263 344 1323 et
362 1260 439 1344 quia
457 1259 666 1325 uehementer
684 1260 847 1326 desideras
868 1261 1022 1346 accipere,
1043 1281 1126 1344 quae

106 1364 286 1450 elaboraui,
314 1365 348 1428 in
376 1366 541 1449 praesenti
565 1370 715 1449 quartum
740 1367 859 1432 librum
882 1367 943 1433 tibi
967 1366 1125 1433 misimus.

104 1471 134 1535 is
155 1475 262 1536 autem
282 1472 436 1557 continet,
454 1472 487 1537 in
508 1474 588 1556 quot
605 1473 734 1556 punctis
755 1495 916 1539 summum
933 1473 1005 1539 fieri
1018 1473 1124 1558 possit

104 1580 142 1642 ut
170 1578 330 1644 sectiones
359 1599 514 1643 concrum
542 1577 627 1642 inter
650 1600 684 1643 se
708 1583 741 1644 et
764 1601 836 1645 cum
860 1579 984 1645 ambitu
1009 1579 1123 1646 circuli

106 1688 310 1770 concurrant,
328 1685 375 1750 ita
393 1688 430 1749 ut
448 1705 515 1750 non
533 1687 623 1750 totae
642 1706 714 1750 oum
734 1685 813 1751 totis
833 1686 1013 1771 concidant,
1032 1708 1122 1770 prae·

104 1794 194 1855 terea
217 1791 253 1856 in
276 1795 356 1875 quot
377 1791 507 1875 punctis
532 1812 694 1855 summum
718 1791 791 1855 coni
810 1792 909 1857 sectio
929 1795 962 1856 et
980 1791 1122 1856 ambitus

106 1896 219 1962 circuli
234 1919 307 1964 cum
327 1896 524 1963 sectionibus
540 1894 701 1979 oppositis
721 1899 924 1981 concurrant,
943 1900 976 1961 et
993 1900 1123 1980 praeter

103 2003 185 2069 haec
209 2002 272 2068 alia
294 2024 360 2067 non
384 2023 487 2087 pauca
510 2001 563 2066 his
589 1999 716 2068 similia.
761 2000 878 2065 horum
902 2003 1011 2065 autem
1036 2001 1123 2087 quod

102 2110 210 2194 primo
234 2109 305 2175 loeo
329 2110 432 2194 posui,
456 2107 569 2174 Conon
593 2105 721 2173 Samius
746 2106 786 2171 ad
805 2105 1048 2191 Thrasydaeum
1072 2131 1122 2174 ex-

102 2216 214 2301 posuit
234 2216 269 2282 in
288 2213 623 2280 demonstrationibus
642 2235 709 2279 non
727 2217 814 2278 recte
834 2216 998 2299 uersatus3
1022 2236 1121 2299 quare

102 2322 205 2388 etiam
228 2321 394 2389 Nicoteles
419 2320 606 2406 Cyrenaeus
635 2342 693 2385 sno
721 2321 790 2384 iure
819 2342 892 2384 eum
916 2321 1120 2406 uituperauit

102 2431 242 2495 alterum
281 2431 389 2494 antem
426 2426 594 2492 Nicoteles
633 2426 729 2491 simul
765 2448 838 2491 oum
875 2427 1121 2512 impugnatione

102 2533 246 2602 Cononis
262 2535 367 2601 obiter
381 2534 649 2600 commemorauit
660 2535 788 2598 tantum
800 2532 1015 2597 demonstrari
1025 2553 1120 2615 posse

102 2642 312 2726 contendens,
336 2641 391 2706 sed
414 2663 473 2707 neo
498 2642 539 2706 ab
564 2663 602 2706 eo
625 2641 697 2724 ipso
720 2661 780 2705 nec
804 2640 844 2704 ab
869 2639 932 2704 alio
956 2660 1120 2722 quoquam

103 2749 362 2814 demonstratum
388 2748 507 2814 inueni.
553 2745 728 2834 tertium*)
753 2769 830 2813 uero
855 2750 887 2811 et
910 2749 1016 2810 cetera
1040 2744 1120 2809 eius-

177 2905 203 2974 *)
222 2904 289 2960 Tria
302 2904 361 2975 illa,
380 2921 452 2975 quaa
472 2903 612 2974 significat
624 2904 798 2974 Apollonius,
818 2905 888 2959 haec
907 2903 985 2958 sunt:
1004 2901 1120 2984 inquot

100 2974 699 3118 imbittausiusuua⁰⁰33
716 2973 1118 3101 siracusanus

99 3049 256 3190 oipbesisia
276 3117 348 3172 cfr.I
362 3136 389 3188 p.
399 3124 424 3187 4,
436 3122 480 3171 20.
508 3063 606 3186 ibique
622 3088 692 3187 dpus
707 3133 762 3172 non
782 3121 825 3171 eet
844 3133 908 3172 cum
921 3114 1034 3170 Halleio
1053 3117 1119 3183 post

100 3187 294 3261 συμβάλλουσι
318 3189 367 3244 lin.
390 3195 423 3243 14
447 3189 625 3257 interponere
653 3187 702 3242 sut
722 3187 762 3243 ἔτι
781 3183 976 3258 ἀνακείμεναι
994 3181 1118 3241 ἀντικει-

101 3258 210 3331 μέναις.
241 3260 371 3315 similiter
385 3259 605 3315 Commandinus
618 3259 760 3327 lin.12sq.
774 3258 873 3313 habet:
893 3259 1040 3327 praeterea
1053 3257 1118 3313 coni

101 3330 191 3389 sectio
211 3334 241 3386 at
259 3331 357 3387 circuli
377 3331 601 3387 circumferentia
625 3332 658 3385 et
676 3330 857 3401 oppositae
876 3328 1048 3385 sactiones
1067 3345 1117 3399 op-

98 3403 201 3474 positis
222 3401 401 3457 sectionibus.

918 3491 955 3545 1*
