2444 3892
121 128 189 195 296
407 130 670 183 COMMENTARIA
686 128 855 192 ANTIQUA.

123 272 389 360 ἐγγεγραμμένα,
416 271 500 358 άπερ
530 267 574 351 ώς
600 267 736 355 περιττά
763 266 921 358 ἀφηρέθη
944 265 1008 355 ὑφ’
1036 265 1140 357 ἡμῶν·

124 381 343 465 δεδειγμένου
375 379 440 465 γάρ
468 376 605 461 τούτου,
639 374 690 444 ὅτι
723 380 762 444 αί
786 375 1002 463 ἀσύμπτωτοι
1031 382 1140 463 ἔγγιον

123 483 334 571 προσάγουσι
374 489 413 574 τῆ
445 488 530 572 τομῆ
562 484 618 550 καὶ
650 481 775 563 παντὸς
806 486 868 550 τοῦ
900 484 1067 563 δοθέντος
1099 487 1142 563 είς

124 596 262 659 ἔλαττον
281 588 517 677 ἀφικνοῦνται,
535 590 691 677 περιττὸν
705 581 750 675 ῆν
763 600 867 658 ταῦτα
883 594 1001 674 ζητεῖν.
1031 588 1143 676 ἀμέλει

88 694 207 770 οούδὲ
239 696 423 779 ἀποδείξεις
454 701 571 784 ἔχουσί
598 722 707 781 τινας,
740 693 825 763 ἀλλὰ
854 697 1023 783 διαφοράς
1050 722 1143 764 κατα·

123 807 276 890 γραφῶν.
317 806 373 870 ἵνα
398 802 435 870 δὲ
457 816 528 882 τοῖς
546 802 788 889 ἐντυγχάνουσι
806 802 869 887 τῆν
886 799 1017 888 ῆμέραν
1037 801 1143 889 δῆλην

124 910 329 997 ποιήσωμεν,
344 911 506 976 ἐκκείσθω
522 911 671 976 ἐνταῦθα
681 906 721 974 τά
732 911 777 988 ὡς
786 909 921 995 περιττά
932 905 1143 997 ἀφῃρημένα.

193 1024 241 1083 El
269 1018 357 1094 τινές
389 1019 476 1083 εἰσιν
509 1012 722 1101 ἀσύμπτωτοι
757 1018 798 1103 τῆ
826 1019 910 1104 τομῆ
939 1017 1050 1101 ἕτεραι
1078 1020 1144 1085 τῶν

126 1122 395 1211 προειρημένων,
420 1120 535 1208 ἔγγιόν
558 1125 644 1188 εἰσιν
668 1123 706 1188 αί
725 1121 964 1208 προειρημέναι
986 1125 1028 1210 τῆ
1052 1132 1145 1211 τομῇ.

74 1253 109 1302 10
196 1235 278 1298 ἔστω
297 1225 478 1316 ὑπερβολή,
497 1217 537 1313 ῆς
556 1225 769 1313 ἀσύμπτωτοι
788 1230 826 1293 αί
839 1232 914 1313 ΓΑ,
929 1237 1010 1295 ΑΛ.
1048 1230 1144 1314 λέγω,

128 1335 190 1422 ὅτι,
211 1344 245 1403 εί
258 1336 347 1414 τινές
365 1339 451 1402 εἰσιν
470 1331 682 1420 ἀσάμπτωτοι
700 1336 740 1422 τῆ
759 1337 856 1421 τομῆ,
876 1335 1015 1401 ἐκείνων
1032 1334 1144 1421 ἔγγιόν

126 1447 213 1510 εἰσιν
237 1445 274 1509 αἱ
294 1448 370 1528 ΓΑ,
393 1450 473 1508 ΑΛ.

197 1546 249 1616 ὅτι
276 1546 338 1634 μὲν
363 1539 440 1631 οὖν,
465 1544 511 1625 ώς
533 1545 587 1612 ἐπὶ
609 1549 667 1630 τῆς
689 1545 822 1633 πρώτης
844 1551 1077 1634 καταγραφῆς,
1106 1545 1146 1615 οὐ

130 1659 294 1722 δύνανται
318 1656 355 1718 αλ
377 1658 482 1718 ΕΖΗ
501 1647 715 1738 ἀσύμπτωτοι
738 1651 840 1739 εἶναι,
869 1652 1038 1741 φανερόν,
1063 1651 1146 1722 ὥστε

75 1783 111 1831 15
130 1757 218 1828 εἶναι
245 1757 461 1845 παράλληλον
487 1756 551 1845 τῆν
578 1758 640 1853 μὲν
668 1766 731 1825 ΕΖ
758 1763 797 1847 τῆ
822 1765 900 1845 ΓΑ,
928 1760 991 1846 τῆν
1020 1760 1059 1828 δὲ
1083 1766 1152 1828 ΖΗ

128 1870 168 1955 τῆ
198 1873 281 1933 ΑΔ·
312 1866 476 1933 δέδεικται
508 1865 588 1953 γάρ,
622 1864 674 1935 ὅτι
702 1869 952 1953 συμπεσοῦνται
980 1870 1021 1954 τῆ
1050 1870 1147 1953 τομῆ·

130 1975 168 2040 έν
196 1969 259 2059 γάρ
288 1976 333 2061 τῷ
362 1970 595 2065 ἀφοριζομένῳ
622 1971 712 2064 τόπῳ
736 1969 801 2039 ὑπὸ
825 1976 893 2040 τών
917 1972 1147 2059 ἀσυμπτώτων

128 2080 185 2147 καὶ
207 2083 266 2166 τῆς
288 2084 390 2166 τομῆς
413 2085 509 2148 εἰσιν.

198 2190 229 2253 εί
252 2188 304 2271 δέ,
334 2184 378 2266 ὡς
402 2186 455 2253 έπλ
477 2190 536 2271 τῆς
559 2188 716 2272 δευτέρας
738 2183 893 2264 πτώσεώς
918 2189 1019 2270 εἰσιν,
1043 2181 1147 2271 ἀσάμ-

76 2314 112 2364 20
131 2318 254 2360 πτωτοι
278 2296 314 2358 αι’
336 2299 409 2378 ΕΖ,
434 2299 505 2359 ΖΗ
523 2289 730 2377 παράλληλοι
754 2283 852 2359 οὖσαι
875 2304 947 2370 ταῖς
971 2296 1047 2376 ΓΑ,
1067 2299 1146 2375 ΑΔ,

131 2405 246 2487 ἔγγιον
275 2397 404 2484 μᾶλλόν
433 2402 518 2464 εἰσιν
548 2400 585 2462 αλ
606 2402 684 2482 ΓΑ,
704 2407 774 2465 ΑΔ
800 2401 859 2484 τῆς
881 2401 984 2483 τομῆς
1006 2396 1092 2484 ῆπερ
1116 2401 1150 2463 αλ

131 2512 207 2591 ΕΖ,
227 2509 303 2573 ΖΗ.

200 2615 231 2678 εί
258 2610 310 2695 δέ,
339 2606 383 2688 ὡς
410 2605 549 2693 έπὶτῆς
576 2614 687 2694 τρίτης
708 2609 877 2696 πτώσεως,
903 2609 959 2677 καὶ
984 2607 1092 2690 οὕτως
1115 2612 1149 2676 αι’

131 2717 193 2802 μὲν
218 2723 293 2799 ΓΑ,
317 2722 398 2799 ΑΔ,
421 2715 480 2782 ε’άν
504 2714 717 2799 έκβληθώσιν
741 2719 789 2794 είς
807 2717 959 2802 ἀπειρον,
983 2717 1148 2802 ἐγγίζουσι

134 2845 347 2853 —.—..—-———·

206 2916 231 2963 3.
252 2909 444 2997 προσάγουσιν
463 2908 507 2962 W.
597 2913 622 2964 5
648 2907 760 2979 ἔχουσιν
779 2910 824 2964 W.
916 2916 941 2963 6.
950 2906 1148 2998 ἐντυγχάνον-

135 2999 180 3034 σιν
205 2982 250 3035 W.
345 2977 471 3051 ἡμέραν]
495 2979 544 3046 W,
574 2978 628 3050 ῆμε
652 2999 709 3049 seq
733 2982 787 3036 lac.
810 3000 843 3051 p,
870 2976 1010 3049 ἡμετέραν
1034 2979 1148 3052 γνώμην

135 3051 203 3105 Hall
204 3069 239 3120 ey
257 3054 411 3120 praeeunte
430 3021 645 3118 Comma’ndinm
670 3053 718 3107 sed
742 3054 812 3176 ppto
837 3051 1018 3177 ppvouerbium
1038 3055 1151 3107 essedo

136 3140 222 3192 opera
241 3121 388 3190 superflua.
445 3130 469 3177 7.
489 3119 724 3194 έκκείσθα]ρ,’
711 3143 759 3178 εκε
760 3121 888 3176 σθω
957 3128 998 3178 10
1019 3127 1138 3190 ΓΑ,Δ
1069 3123 1150 3248 ,siff

137 3199 196 3262 ΓΔ,
216 3199 269 3246 ΑΔ
292 3190 366 3261 Wp,
394 3209 463 3247 corr.
484 3191 589 3249 Oomm.
680 3202 722 3250 11.
746 3189 790 3249 ὅτι
814 3194 855 3262 εἴ]
844 3193 911 3262 1111
933 3209 987 3248 rae.
1008 3212 1046 3247 m.
1067 3200 1082 3247 1

173 3264 244 3319 εἰσιν
264 3211 352 3316 ἄλλαι
364 3264 467 3350 ΗρΠεγ
486 3282 549 3319 cum
569 3264 675 3320 Comm.
768 3270 809 3320 12.
835 3264 893 3335 ΓΑ]
913 3268 963 3318 ΓΔ
983 3265 1058 3334 Wp,
1083 3282 1150 3320 corr.

137 3337 243 3391 Comm.
323 3341 365 3388 13.
385 3330 435 3407 ὡς]
456 3353 545 3423 comp.
565 3355 593 3406 p,
613 3355 703 3407 comp.
723 3353 808 3420 ευριπ
827 3353 878 3390 ser.
897 3353 934 3390 m,
956 3334 1034 3392 1W.
1110 3341 1151 3390 21.

137 3406 221 3479 ἤπερ]
247 3407 325 3474 εἴπερ
349 3424 377 3474 p
468 3413 511 3462 24
531 3403 685 3496 ἐγγίζουσι]
704 3408 815 3477 scripsi,
840 3401 901 3475 ἕγγι
920 3408 968 3475 (ι
960 3426 989 3460 m
1008 3422 1061 3461 ras.
1065 3423 1152 3477 ,.seq

136 3481 190 3535 lac.
209 3478 309 3548 111666.)
331 3495 441 3532 αιουσιν
461 3479 506 3549 W,
527 3479 619 3550 ἔγγιαι
637 3472 765 3548 οὖσαιρ.
