2444 3892
127 153 193 218 256
408 150 673 204 commu
691 148 862 214 Αννιριιι,

194 293 264 363 ἐπεὶ
282 291 346 382 γὰρ
367 300 442 361 ἴσον
462 292 531 360 ἐστὶ
549 290 588 360 τὸ
607 288 673 360 ὑπὸ
693 296 793 359 ΖΓΔ
810 300 856 384 τῷ
876 287 944 359 ιῖιτὸ
964 295 1044 378 ΓΒ,
1063 296 1148 361 ἔστιν

127 399 209 488 ἄρα,
237 397 283 479 ὡς
310 395 330 485 ἡ
360 403 424 465 ΖΓ
447 395 530 485 πρὸς
557 403 634 484 ΓΒ,
663 394 684 484 ἡ
713 402 775 464 ΓΒ
802 396 885 485 πρὸς
913 403 991 465 ΓΔ·
1023 400 1082 467 καὶ
1108 397 1148 479 ὡς

127 505 193 594 ἄρα
216 506 253 573 τὸ
279 502 345 573 ἀπὸ
369 508 429 591 τῆς
447 509 507 571 ΓΖ
531 500 620 583 εἶδος
642 501 726 591 πρὸς
743 504 782 571 τὸ
801 499 868 571 ἀπὸ
887 506 947 590 τῆς
966 509 1033 571 ΓΒ
1052 502 1145 591 εἶδος,

128 610 234 692 οὕτως
256 611 277 698 ἡ
302 617 367 679 ΖΓ
385 609 469 698 πρὸς
490 611 553 697 τὴν
572 615 647 677 ΓΑ.
684 606 757 677 ἀλλ’
785 606 830 688 ὡς
852 608 914 696 μὲν
938 606 976 678 τὸ
999 607 1069 680 ἀπὸ
1090 616 1148 679 ΖΓ

93 716 211 807 τιτρὸς
237 715 275 786 τὸ
305 714 369 785 ἀπὸ
394 722 470 802 ΓΒ,
499 714 536 784 τὸ
560 721 663 783 ΕΖΓ
685 723 851 803 τρίγωνον
877 713 962 804 πρὸς
984 715 1026 785 τὸ
1052 723 1144 786 ΑΓΒ

127 831 306 912 τρίγωνον,
330 822 375 902 ὡς
399 822 436 891 δὲ
459 820 479 909 ἡ
505 829 571 891 ΖΓ
588 821 671 912 πρὸς
694 828 775 910 ΓΑ,
796 821 835 892 τὸ
859 828 960 890 ΕΖΓ
977 829 1143 913 τρίγωνον

127 930 211 1020 πρὸς
237 928 276 999 τὸ
300 935 397 997 ΒΓΔ
423 933 602 1017 τρίγωνον·
631 927 677 1009 ὡς
703 929 769 1018 ἄρα
796 928 835 998 τὸ
858 935 955 996 ΕΓΖ
976 935 1142 1018 τρίγωνον

127 1040 212 1125 πρὸς
234 1036 272 1106 τὸ
291 1042 395 1104 ΒΑΓ
411 1040 587 1123 τρίγωνον,
609 1035 647 1104 τὸ
666 1042 762 1103 ΕΓΖ
787 1037 872 1124 πρὸς
893 1033 932 1104 τὸ
951 1042 1059 1105 ΕΓΔ
1081 1042 1140 1125 τρί·

128 1171 250 1230 νωνον.
296 1151 372 1211 ἴσον
399 1141 465 1230 ἄρα
493 1141 531 1209 τὸ
555 1147 656 1208 ΕΓΔ
679 1147 845 1231 τρίγωνον
868 1146 914 1234 τῷ
938 1148 1051 1212 ΒΓΑ.
1091 1144 1142 1212 καὶ

76 1267 109 1316 10
130 1247 173 1329 ὡς
196 1250 262 1333 ἄρα
285 1249 337 1317 ἐπὶ
361 1247 422 1336 μὲν
446 1252 503 1336 τῆς
526 1247 714 1336 ὑπερβολῆς
738 1246 1000 1337 ἀναστρέψαντι,
1030 1251 1083 1319 ἐπὶ
1107 1249 1140 1318 δὲ

127 1366 185 1442 τῆς
212 1358 386 1438 ἐλλείψεως
413 1352 580 1422 ἀνάπαλιν
607 1355 662 1422 καὶ
690 1353 851 1442 διελόντι,
881 1352 953 1440 [ὡς]
981 1358 1022 1425 τὸ
1037 1361 1142 1424 ΒΖΓ

128 1467 293 1549 τρίγωνον
325 1459 408 1548 πρὸς
440 1462 477 1528 τὸ
509 1467 642 1527 ΕΑΒΖ
674 1459 933 1550 τετράπλευρον,
967 1460 1076 1545 οὕτως
1106 1461 1140 1531 τὸ

129 1574 224 1635 ΕΓΖ
257 1569 337 1653 πρὸς
368 1568 405 1634 τὸ
436 1573 539 1633 ΕΛΖ
565 1571 746 1653 τρίγωνον·
779 1576 855 1637 ἴσον
882 1566 947 1656 ἄρα
974 1567 1013 1638 τὸ
1045 1577 1141 1637 ΕΑΖ

128 1677 293 1759 τρίγωνον
325 1675 370 1762 τῷ
400 1678 533 1739 ΕΛΒΖ
565 1675 807 1766 τετραπλεύρῳ.
856 1675 912 1742 καὶ
945 1677 1021 1744 ἐπεί
1047 1679 1141 1763 ἐστιν,

78 1794 109 1843 15
129 1776 174 1857 ὡς
200 1775 238 1845 τὸ
268 1774 333 1844 ἀπὸ
358 1783 418 1846 ΓΖ
445 1781 529 1867 πρὸς
556 1778 595 1849 τὸ
624 1776 689 1848 ιἰιιὸ
713 1787 790 1866 ΓΒ,
817 1778 855 1849 τὸ
879 1787 976 1848 ΕΓΖ
1001 1780 1086 1872 πρὸς
1106 1779 1140 1850 τὸ

98 1964 103 1971 ¹
129 1890 227 1952 ΑΓΒ
251 1891 428 1974 τρίγωνον,
453 1888 506 1956 ἐπὶ
529 1887 591 1976 μὲν
614 1891 673 1975 τῆς
696 1885 883 1975 ὑπερβολῆς
907 1887 1067 1977 διελόντι,
1093 1889 1140 1958 ἐπὶ

130 1991 167 2060 δὲ
189 1996 247 2080 τῆς
270 1994 445 2075 ἐλλείψεως
464 1993 630 2063 ἀνάπαλιν
648 1995 704 2061 καὶ
723 1991 970 2082 ἀναστρέψαντι
988 1996 1047 2063 καὶ
1066 1994 1139 2064 ἄνᾶ·

128 2106 229 2167 παλίν
258 2102 363 2187 ἐστιν,
393 2101 439 2182 ὡς
465 2101 502 2169 τὸ
530 2100 596 2170 ὑπὸ
622 2109 719 2169 ΑΖΒ
743 2100 827 2184 πρὸς
849 2098 886 2169 τὸ
912 2098 977 2170 ιἰπὸ
1002 2108 1079 2187 ΒΓ,
1105 2101 1138 2170 τὸ

129 2213 195 2273 ΒΑ
201 2214 264 2273 ΒΖ
282 2207 526 2294 τετράπλευρον
544 2207 628 2295 πρὸς
647 2209 684 2277 τὸ
700 2214 802 2276 ΒΑΓ
815 2213 1005 2295 τρίγωνον.“
1023 2206 1141 2296 ὁμοίως
1176 2213 1180 2221 ’

77 2326 112 2376 20
132 2313 168 2379 δὲ
191 2317 257 2398 καί,
283 2311 327 2392 ὡς
349 2313 386 2380 τὸ
412 2311 476 2381 ἀπὸ
497 2318 558 2380 ΓΒ
581 2313 665 2401 πρὸς
687 2313 724 2381 τὸ
746 2311 811 2383 ὑπὸ
832 2320 952 2401 ΑΚΒ,
977 2313 1086 2396 οὕτως
1107 2314 1140 2384 τὸ

129 2425 226 2485 ΑΓΒ
254 2424 421 2507 τρίγωνον
452 2417 536 2502 πρὸς
563 2418 600 2485 τὸ
628 2427 780 2487 ΜΑΒΚ
806 2418 1064 2508 τετράπλευρον·
1097 2420 1138 2490 δι’

130 2533 206 2592 ἴσον
234 2523 315 2611 ἄρα,
343 2521 387 2604 ὡς
413 2522 451 2591 vo*
479 2521 544 2590 ὑπὸ
569 2531 668 2593 ΑΖΒ
697 2528 782 2613 πρὸς
806 2527 844 2594 τὸ
867 2525 933 2595 ὑπὸ
959 2534 1078 2614 ΑΚΒ,
1104 2530 1140 2597 τὸ

128 2637 261 2698 ΕΛΒΖ
293 2629 537 2718 τετράπλευρον
569 2630 654 2718 πρὸς
684 2631 721 2699 τὸ
751 2638 906 2699 ΑΒΚΜ.
958 2631 1003 2713 ὡς
1038 2635 1074 2702 δὲ
1105 2633 1140 2703 τὸ

128 2735 193 2804 ὑπὸ
219 2745 316 2805 ΑΖΒ
344 2739 428 2825 πρὸς
453 2734 491 2803 τὸ
519 2734 585 2804 ὑπὸ
611 2744 732 2824 ΑΚΒ,
760 2736 798 2805 τὸ
822 2737 887 2807 ἀπὸ
913 2746 975 2806 ΕΖ
997 2742 1083 2829 πρὸς
1105 2741 1139 2808 τὸ

75 2855 109 2903 25
129 2839 193 2910 ιἰπὸ
223 2849 309 2928 ΗΚ,
337 2840 382 2922 ὡς
410 2841 447 2909 δὲ
473 2841 511 2909 τὸ
539 2840 604 2911 ἀπὸ
629 2851 691 2911 ΕΖ
718 2843 802 2932 πρὸς
828 2844 867 2912 τὸ
897 2841 961 2913 ιἰιιὸ
990 2853 1078 2935 HK,
1105 2845 1140 2915 τὸ

129 2954 230 3012 ΕΑΖ
253 2954 419 3035 τρίγωνον
442 2947 525 3031 πρὸς
547 2947 586 3017 τὸ
605 2955 713 3017 ΗΘΚ
733 2955 912 3036 τρίγωνον·
935 2952 992 3019 καὶ
1014 2952 1059 3034 ὡς
1077 2951 1141 3041 ἄρα

127 3051 164 3118 τὸ
194 3059 295 3119 ΒΑΖ
327 3052 411 3139 πρὸς
442 3053 479 3122 τὸ
514 3062 634 3136 ΗΘΚ,
667 3058 704 3124 τὸ
734 3064 866 3124 ΕΛΒΖ
898 3058 1142 3148 τετράπλευρον

127 3154 211 3244 πρὸς
242 3157 279 3224 τὸ
313 3167 468 3227 ΜΑΒΚ.
516 3163 671 3248 ἐναλλάξ,
709 3160 753 3243 ὡς
785 3161 822 3229 τὸ
856 3172 958 3231 ΕΔΖ
990 3170 1076 3254 πρὸς
1106 3169 1142 3237 τὸ

129 3268 276 3348 ΕΛΒΖ,
306 3264 412 3345 οὕτως
439 3265 476 3335 τὸ
500 3274 608 3335 ΗΘΚ
631 3267 715 3358 πρὸς
740 3268 777 3337 τὸ
802 3277 957 3339 ΜΑΒΚ.
1004 3281 1081 3341 ἴσον
1107 3273 1142 3342 δὲ

202 3429 223 3478 1.
244 3418 318 3496 ἔστί]
340 3421 415 3481 ἐστίν
430 3426 474 3481 W.
548 3434 573 3482 4.
595 3429 741 3500 zr(a1t.)]
761 3429 926 3499 τῆςΖΓῙ).
1001 3437 1128 3488 am

128 3498 206 3549 ΑΓΒ
226 3511 295 3552 corr.
315 3513 350 3551 ex
368 3502 450 3553 ΑΒΓ
467 3499 515 3567 W;
540 3515 609 3555 corr.
629 3500 734 3555 Comm.
807 3501 888 3552 ΑΓΒ
909 3532 940 3541 -
962 3507 986 3557 7.
1005 3502 1077 3574 πρὸς
1095 3506 1127 3561 τό
