2444 3892
227 160 331 211 PAPPI
348 159 524 212 LEMMATA
541 160 581 213 m
600 159 718 214 come.
737 161 806 213 Lm.
825 160 921 212 1-1v.
1014 154 1080 221 159
1203 182 1206 190 ’

65 301 170 387 λόγον
195 304 261 387 ἔχει
284 299 367 387 ἥπερ
390 298 427 368 τὸ
451 295 516 367 ἀπὸ
542 307 603 367 ΖΘ
629 300 714 387 πρὸς
738 298 776 367 τὸ
800 297 866 366 ιἰπὸ
890 305 967 383 ΘΔ,
994 294 1078 366 ἀλλὰ

64 408 103 474 τὸ
128 404 193 473 ἀπὸ
218 411 289 473 ΓΗ
316 414 393 474 ἴσον
421 406 512 474 ἐστὶν
540 417 585 498 τῷ
614 403 679 474 ὑπὸ
703 412 820 491 ΒΗΓ,
852 402 890 472 τὸ
919 402 984 486 ἄρα
1011 401 1077 472 ὑπο

67 517 174 580 ΒΗΓ
191 513 276 598 πρὸς
294 512 331 580 τὸ
352 510 418 580 ἀπὸ
439 519 514 579 ΑΗ
533 511 699 581 ἐλάσσονα
722 510 826 597 λόγον
850 516 916 598 ἔχει
938 512 1022 598 ἥπερ
1041 512 1078 578 τὸ

67 616 133 686 ἀπὸ
159 624 220 685 ΖΘ
247 616 331 707 πρὸς
357 617 396 687 τὸ
424 616 489 686 ιἰττὸ
519 625 594 686 ΘΔ.
644 615 717 687 ἀλλ’
745 615 790 698 ὡς
815 616 853 686 τὸ
881 615 947 686 ὑπὸ
976 622 1083 686 ΒΗΓ

61 1340 145 1430 πρὸς
169 1340 206 1409 τὸ
230 1338 295 1408 ἀπὸ
320 1346 403 1425 ΑΗ,
427 1338 534 1419 οὕτως
552 1337 704 1409 ὑπέκειτο
727 1366 765 1409 το
789 1338 855 1409 ὑπὸ
875 1349 971 1410 ΕΘΖ
995 1342 1077 1430 πρὸς
1114 1357 1131 1405 5
1162 1412 1165 1417 ,

60 1446 99 1517 τὸ
124 1445 189 1516 ἀπὸ
214 1454 290 1515 ΘΔ·
317 1447 373 1514 καὶ
396 1447 433 1514 τὸ
458 1443 524 1514 ὑπὸ
549 1454 644 1514 ΕΘΖ
668 1446 734 1535 ἄρα
757 1448 841 1534 πρὸς
863 1447 900 1517 τὸ
925 1447 990 1518 ἀπὸ
1015 1458 1077 1519 ΘΛ

62 1552 229 1622 ἐλάσσονα
252 1552 357 1640 λόγον
385 1557 451 1639 ἔχει
478 1550 562 1640 ἥπερ
591 1555 628 1621 τὸ
654 1551 719 1622 ἀπὸ
744 1561 806 1622 ΖΘ
835 1559 918 1642 πρὸς
945 1560 982 1624 τὸ
1010 1554 1075 1624 ἀπὸ

61 1667 134 1727 ΘΔ.
183 1664 296 1745 μεῖζον
328 1657 393 1746 ἄρα
421 1659 513 1728 ἐστὶν
539 1663 576 1727 τὸ
605 1657 670 1728 ἀπὸ
699 1669 760 1729 ΖΘ
790 1667 851 1730 τοῦ
883 1661 949 1732 ὑπὸ
980 1671 1076 1732 ΕΘΖ

62 1767 168 1849 [ΕοοΙ.
186 1767 226 1849 V,
248 1769 316 1849 10]·
341 1762 424 1833 ὥστε
446 1772 567 1852 μείζων
591 1767 682 1835 ἐστὶν
705 1764 726 1852 ἡ
751 1773 812 1834 ΖΘ
834 1773 893 1855 τῆς
914 1777 986 1838 ΘΕ.

505 2050 574 2114 Τοῦ
592 2046 635 2133 γ’.
1097 2063 1129 2112 10

130 2203 174 2275 α’.
202 2203 411 2293 Καταγροιφὴ
432 2202 718 2293 ἡΑΒΓΔΕΖΗ,
738 2212 820 2276 ἔστω
841 2210 878 2277 δὲ
897 2219 952 2297 ἴση
971 2208 1077 2298 ἡΒΗ

58 2315 99 2400 τῇ
118 2315 204 2378 ΗΓ·
228 2312 279 2380 ὅτι
302 2310 515 2400 παράλληλός
537 2315 628 2381 ἐστιν
650 2311 671 2401 ἡ
695 2322 758 2382 ΕΖ
780 2319 820 2404 vy}
845 2322 914 2383 ΒΓ.

498 2417 595 2506 ἤχθω
620 2417 676 2488 διὰ
699 2424 759 2489 τοῦ
783 2431 815 2488 A
840 2428 880 2512 vy}
904 2429 971 2491 ΒΓ
993 2450 1075 2512 τιαρ-

362 2488 399 2539 K
432 2523 575 2611 άλληλος
602 2526 622 2612 v}
650 2533 729 2611 ΘΚ,
761 2530 817 2596 ιιοιὶ
844 2531 1074 2617 ἐκβεβλήσθω·

432 2652 496 2699 σοιν
512 2634 549 2698 αἱ
560 2637 633 2718 ΒΖ,
646 2638 710 2700 ΓΕ
723 2635 775 2702 ἐπὶ
789 2636 829 2702 τὰ
845 2642 889 2720 K,
903 2643 932 2702 Θ
946 2651 1073 2723 σημεῖα.
1095 2642 1128 2691 ¹5

432 2737 502 2805 ἐπεὶ
527 2729 590 2806 οὖν
614 2746 669 2825 ἴση
693 2740 784 2808 ἐστὶν
806 2737 827 2826 ἡ
847 2747 921 2807 ΒΗ
937 2746 977 2829 vy}
997 2747 1074 2827 ΗΓ,

431 2851 486 2930 ἴση
515 2841 581 2931 ἄρα
609 2845 700 2914 ἐστὶν
726 2847 781 2913 καὶ
805 2843 825 2934 ἡ
858 2854 919 2913 ΘΑ
941 2856 980 2935 vy}
1005 2854 1072 2914 AI(

434 2951 536 3031 [Eucl.
550 2953 607 3033 VI,
621 2956 667 3037 4].
704 2956 796 3021 ἔστιν
814 2952 890 3040 ἄρα,
914 2950 958 3033 ὥς
976 2949 996 3040 v}
1013 2959 1080 3020 ΒΓ

431 3052 514 3144 πρὸς
536 3054 598 3143 τὴν
614 3064 685 3144 ΘΑ,
707 3061 879 3127 τουτέστιν
904 3056 948 3139 ὡς
971 3057 991 3147 y}
1010 3068 1076 3127 ΒΕ

431 3161 516 3247 πρὸς
534 3163 597 3248 τὴν
615 3170 681 3232 ΕΑ
701 3169 806 3250 [Eucl.
822 3168 877 3254 VI,
895 3170 943 3251 4],
967 3164 1074 3246 οὕτως
1092 3175 1128 3224 20

57 3262 79 3349 v}
107 3269 174 3331 ΒΓ
200 3262 286 3351 πρὸς
311 3262 372 3351 τὴν
399 3271 468 3333 ΚΑ
495 3269 598 3350 [Eucl.
616 3273 657 3358 V,
681 3274 731 3356 7]‚
763 3272 934 3339 τουτέστιν
964 3269 985 3357 y}
1013 3277 1073 3339 ΓΖ

56 3369 141 3457 πρὸς
165 3377 229 3437 ΖΑ
254 3372 359 3456 [Eucl.
378 3373 435 3459 VI,
454 3377 505 3456 4]·
529 3373 740 3463 παράλληλος
763 3375 829 3465 ἄρα
852 3379 942 3446 ἐστὶν
965 3374 986 3464 ἡ
1009 3385 1072 3445 ΕΖ

55 3477 96 3563 vy}
120 3481 188 3542 ΒΓ
206 3479 311 3560 [ΕοοΙ.
329 3479 386 3565 VI,
404 3482 450 3563 2].
