2444 3892
161 142 227 207 190
404 191 406 196 ,
442 143 704 195 αοιωωιιτωιιι
721 143 892 209 mmm.

228 287 334 370 ὃήλον
362 284 414 370 σε’,
444 282 495 352 ὅτι
523 281 544 369 ή
572 286 798 371 περιαγομένη
821 283 940 353 εάθεϊα
962 286 1000 353 ἐν
1024 290 1066 375 τῇ
1093 312 1190 376 περι

160 395 275 480 ἀγωγή
290 396 411 478 μείζων
423 389 479 457 καὶ
494 388 641 458 ἐλάττων
654 395 794 476 γίνεται,
810 388 893 459 κατὰ
909 391 949 459 ὃέ
959 418 1056 472 τινας
1066 395 1190 474 θέσεις

158 496 215 564 καὶ
248 507 303 583 ίση
340 496 424 585 πρὸς
456 495 538 565 ἀλλο
570 498 626 563 καὶ
659 497 742 566 ἀλλο
776 510 914 584 σημεῖον
946 502 1009 565 τοῦ
1042 498 1191 568 κύκλου.

160 604 398 672 ἀποδείκνυται
431 603 468 672 δὲ
494 607 593 672 τοῦτο
623 599 742 683 οὕτως·
776 601 836 671 ἐὰν
863 602 977 673 κῶνον
1005 611 1186 692 σκαληνοῦ

125 709 225 779 οάπὸ
257 715 316 797 τής
347 713 498 798 κορυφής
530 710 582 778 ἐπὶ
614 709 676 795 τήν
708 708 811 796 βάσιν
843 706 998 796 ἀχθῶσιν
1033 711 1187 799 εὐθεῖαι,

160 822 278 886 πασῶν
305 820 374 886 τῶν
402 814 466 884 ἀπὸ
494 820 553 902 τής
579 826 733 903 κορυφῆς
761 816 813 884 ἐπὶ
840 815 902 902 τήν
931 815 1035 902 βῶσιν
1063 815 1184 905 ἀχθει-

35 968 40 979 ·
161 929 232 994 σῶν
256 923 402 993 εὐθειῶν
426 928 484 1010 μία
507 923 569 1010 μέν
592 925 682 990 ἐστιν
703 925 856 1009 ἐλαχίστη
880 927 940 1010 μία
963 922 1001 991 δὲ
1024 933 1184 1012 μεγίστη,

160 1029 224 1099 δύο
258 1030 295 1099 δὲ
327 1029 429 1116 μόναι
460 1038 529 1096 ίσαι
556 1024 634 1115 παρ’
670 1026 807 1114 ἑκάτερα
835 1034 893 1116 τής
921 1032 1097 1116 ἐλαχίστης
1127 1033 1184 1100 καὶ

159 1142 217 1223 τῆς
240 1142 405 1223 μεγίστης,
429 1133 481 1204 ἀεὶ
505 1134 542 1202 δὲ
565 1132 585 1221 ή
610 1138 724 1220 ἔγγιον
743 1141 801 1221 τῆς
820 1138 991 1223 ἐλαχίστης
1008 1141 1069 1223 τῆς
1090 1135 1181 1206 ἀπῶ-

107 1258 141 1308 10
158 1242 258 1327 τερόν
282 1246 372 1311 ἐστιν
392 1241 550 1311 ἐλάσσων.
588 1245 671 1308 ἐστω
690 1244 800 1321 κῶνος
818 1241 995 1328 σκαληνός,
1020 1234 1062 1310 οὗ
1081 1246 1182 1328 βάσις

160 1349 222 1436 μὲν
241 1345 258 1417 ὁ
274 1355 377 1416 ΑΒΓ
391 1347 523 1434 κύκλος,
541 1345 674 1436 κορυφή
694 1348 731 1415 δὲ
749 1350 786 1415 τὸ
801 1355 834 1414 Δ
849 1362 999 1435 σημεῖον.
1037 1349 1096 1416 καὶ
1112 1350 1181 1418 ἐπεὶ

159 1453 180 1542 ή
205 1453 268 1523 ἀπὸ
291 1460 350 1542 τής
372 1459 524 1544 κορυφής
546 1458 607 1523 τού
631 1458 801 1540 σκαληνοῦ
823 1453 936 1522 κῶνον
961 1455 1013 1521 ἐπὶ
1032 1459 1071 1522 τὸ
1096 1452 1178 1525 ὑπο-

159 1567 314 1647 κείμενον
338 1563 496 1629 ἐπίπεδον
514 1560 658 1640 κάθετος
676 1558 823 1647 ἀγομένη
842 1561 918 1647 ήτοι
937 1561 990 1628 ἐπὶ
1008 1565 1067 1646 τής
1087 1587 1177 1647 περι-

160 1671 295 1754 φερείας
317 1671 379 1734 τοῦ
402 1672 578 1734 ΑΒΓΖΗ
599 1666 725 1735 κύκλου
747 1681 893 1736 πεσεῖται
917 1663 938 1753 ή
963 1669 1055 1746 ἐκτὸς
1077 1664 1100 1754 ή
1125 1669 1176 1735 ἐν-

109 1789 141 1838 15
161 1770 232 1856 τός,
261 1774 443 1858 ἐμπιπτέτω
471 1773 636 1863 πρότερον
663 1773 717 1842 ἐπὶ
741 1776 799 1860 τής
821 1777 1031 1862 περιφερείας
1055 1771 1101 1853 ῶς
1124 1773 1176 1841 ἐπὶ

160 1882 220 1964 τής
242 1878 375 1966 πρῶτης
397 1885 612 1970 καταγραφῆς
634 1878 654 1967 ή
679 1888 761 1963 ΔΕ,
786 1880 842 1947 καὶ
866 1879 1017 1966 εἰλήφθω
1041 1883 1079 1946 τὸ
1103 1881 1175 1947 κέν-

158 2011 240 2068 τρον
263 1991 324 2054 τοῦ
346 1989 473 2058 κύκλον
494 1989 551 2057 καὶ
574 1995 657 2056 ἐστω
680 1991 717 2055 τὸ
741 1994 790 2071 Κ,
817 1987 872 2054 καί
895 1983 959 2053 ἀπὸ
982 1989 1044 2053 τοῦ
1068 1993 1102 2052 Ε
1123 1985 1175 2053 ἐπὶ

158 2096 196 2160 τὸ
220 2099 254 2159 Κ
276 2095 460 2180 ἐπεζεύχθω
485 2092 505 2178 ή
530 2100 598 2162 ΕΚ
618 2093 674 2159 καὶ
695 2091 911 2179 ἐκβεβλήσθω
931 2091 984 2159 ἐπὶ
1003 2095 1040 2158 τὸ
1060 2097 1101 2175 Β,
1120 2090 1173 2158 καὶ

160 2198 347 2286 ἐπεζεύχθω
376 2198 503 2287 ήΒΔ,
530 2199 586 2265 καὶ
614 2199 833 2284 εἰλήφθωσαν
858 2197 920 2266 δύο
945 2205 1014 2264 ίσαι
1037 2199 1174 2286 περιφί-

106 2323 140 2371 20
161 2332 248 2393 ρειαι
279 2303 357 2390 παρ’
394 2305 530 2393 ἑκάτερα
561 2306 624 2370 τού
657 2311 688 2371 Ε
718 2308 756 2371 αί
785 2311 862 2389 ΕΖ,
891 2310 971 2389 ΕΗ,
1002 2302 1059 2369 καὶ
1093 2300 1171 2390 παρ’

159 2412 297 2498 ἑκάτερα
319 2416 381 2480 τοῦ
399 2418 428 2478 Β
452 2415 489 2479 αί
504 2415 580 2494 ΑΒ,
600 2415 672 2494 ΒΓ,
694 2411 750 2477 καὶ
770 2409 1022 2496 ἐπεζεύχθωσαν
1045 2412 1082 2474 αι’
1101 2416 1173 2493 ΕΖ,

159 2524 239 2603 ΕΗ,
256 2525 332 2604 ΛΖ,
349 2525 431 2601 ΛΗ,
447 2524 522 2602 EA,
539 2521 609 2600 ιιΓ,
624 2522 701 2597 AB,
717 2523 788 2601 ΒΓ,
804 2524 884 2600 ΛΑ,
901 2520 975 2582 ΛΓ.
1017 2515 1088 2582 ἐπεὶ
1113 2507 1175 2584 οὖν

159 2632 215 2710 ίση
249 2622 338 2691 ἐστὶν
371 2619 391 2710 ή
425 2630 487 2690 ΕΖ
520 2619 638 2690 εὐθεῖα
670 2625 709 2710 τή
741 2627 814 2688 ΕΗ
841 2618 971 2710 εὐθείᾳ·
1004 2629 1079 2699 ίσας
1111 2620 1174 2709 γάρ

159 2735 370 2816 περιφερείας
400 2727 652 2797 ὑποτείνουσιν*
682 2726 780 2814 κοινή
809 2726 846 2795 δὲ
872 2728 928 2793 καὶ
955 2725 1040 2812 πρὸς
1069 2727 1177 2815 ὀρθὰς

105 2834 183 2922 θοή
215 2843 296 2919 ΔΕ,
323 2833 420 2920 βάσις
448 2833 513 2922 ἀρα
540 2831 561 2922 ή
590 2842 656 2901 ΔΖ
684 2838 723 2922 τή
747 2839 824 2899 ΔΗ
847 2834 936 2900 ἐστιν
964 2841 1029 2918 ίση.
1075 2834 1179 2901 πάλιν

160 2942 229 3008 ἐπεὶ
248 2939 268 3027 ή
288 2947 352 3007 ΑΒ
373 2942 567 3028 περιφέρεια
587 2944 627 3028 τή
646 2946 713 3006 ΒΓ
727 2942 817 3007 ἐστιν
837 2947 903 3024 ἴση,
922 2939 978 3005 καὶ
998 2937 1176 3027 ὂιάμετρος

158 3106 372 3114 *—

233 3214 257 3261 5.
282 3203 338 3261 ἀπό
359 3239 389 3250 -
410 3201 456 3278 ἀ-]
480 3204 583 3260 iuras,
603 3225 639 3262 m.
661 3214 673 3260 1
693 3205 738 3259 W.
821 3205 853 3266 ξ-
873 3221 929 3272 mg.
945 3204 989 3257 W.
1076 3211 1101 3259 9.
1127 3203 1173 3273 ἐγ-

159 3296 236 3344 γεισν
251 3277 296 3332 W.
371 3281 413 3333 15.
427 3278 488 3347 τῆς]
504 3278 553 3345 τής
567 3274 677 3345 πρῶτης
691 3273 763 3331 κατά
778 3277 815 3330 W
830 3281 855 3342 (θ
871 3274 918 3330 lin.
930 3277 985 3343 16).
1055 3280 1096 3331 18.
1112 3270 1172 3329 ἐπι-

158 3347 271 3415 ζεύχθω
286 3348 329 3402 W.
400 3354 443 3402 20.
462 3347 504 3419 E]
525 3364 540 3401 ο
559 3365 629 3405 corr.
643 3366 679 3403 m.
697 3356 709 3402 1
725 3366 752 3417 p.
827 3346 901 3417 EH]
920 3348 945 3399 E
964 3362 1032 3402 corr.
1048 3361 1082 3400 ex
1103 3351 1130 3400 Γ
1144 3364 1174 3415 p.

194 3425 237 3471 22.
262 3421 334 3489 ΒΓ]
360 3423 415 3472 ΑΓ
433 3419 506 3489 Wp,
531 3435 600 3474 corr.
620 3420 653 3475 U.
753 3417 819 3490 ΔΑ]
845 3423 905 3484 ΔΑ,
925 3422 977 3470 ΔΒ
1001 3416 1073 3486 Wp3
1103 3434 1174 3473 corr.

159 3488 264 3544 Comm.
339 3496 381 3544 26.
400 3492 469 3560 ΒΓ]
490 3496 515 3543 Δ
522 3493 548 3543 Γ
563 3489 628 3560 Wp,
647 3508 717 3546 corr.
737 3491 769 3544 U.
