2444 3892
149 135 216 198 224
429 131 692 185 οοοοιεσυεειε
708 130 878 193 mmm.

550 310 620 386 Εἰς
641 303 684 374 τὸ
709 303 764 376 ις’.

209 430 320 500 Ἴσον
341 430 428 517 ’άρα
458 429 500 498 τὸ
532 427 608 498 ὑπὸ
637 435 740 496 ΒΚΑ
772 430 821 521 τῷ
852 425 926 496 ὑπὸ
954 435 1075 496 ΑΛΒ·
1110 438 1168 516 ίση

153 539 228 626 άρα
259 538 366 605 ἐστὶν
394 535 414 622 ῆ
444 543 513 603 KA
540 539 582 624 τῆ
611 543 687 602 ΒΑ·
716 535 785 602 ἐπεὶ
812 531 876 620 γάρ
902 533 941 602 τὸ
969 531 1037 602 ὑπὸ
1067 543 1169 604 ΒΚΑ

154 649 200 735 τῷ
223 642 290 713 ὑπὸ
314 653 346 711 A
352 650 415 711 AB
440 645 529 711 έστιν
554 650 644 726 ἴσον,
670 640 841 727 ἀνάλογον
863 645 965 725 ἔσται,
989 637 1036 720 ὡς
1059 639 1083 727 ῆ
1107 648 1168 710 ΚΒ

120 752 238 840 οπρὸς
261 759 343 835 ΑΛ,
369 748 389 836 ῆ
415 756 478 816 ΑΒ
501 746 584 834 πρδς
606 753 683 815 ΑΚ.
728 746 784 814 καὶ
807 746 963 832 ἐναλλάξ,
987 743 1033 827 ὡς
1056 745 1079 835 ῆ
1104 754 1168 816 ΚΒ

156 858 239 944 πρὸς
262 864 343 942 ΒΛ,
366 853 387 942 ῆ
413 862 480 921 ΛΑ
503 853 586 941 πρὸς
610 859 691 920 AK·
716 853 773 920 καὶ
796 854 965 939 συνθέντι,
989 851 1034 933 ὡς
1058 850 1080 940 ῆ
1104 859 1169 920 ΚΛ

157 963 241 1049 πρὸς
263 970 342 1048 AB,
370 960 391 1047 ῆ
416 968 487 1028 ΛΚ
510 958 594 1046 πρὸς
616 966 699 1027 ΚΑ·
727 967 781 1045 ίση
805 958 871 1042 άρα
894 957 915 1046 ῆ
940 967 1009 1027 KA
1030 964 1073 1047 τῆ
1098 966 1168 1027 ΒΛ.

224 1073 278 1136 δεῖ
303 1071 491 1153 ἐπιστῆσαι,
520 1063 570 1134 ὅτι
599 1068 635 1132 έν
663 1069 709 1158 τῷ
732 1064 1014 1156 πεντεκαιδεκάτῳ
1043 1068 1101 1133 καὶ
1125 1066 1168 1133 έκ-

156 1173 340 1264 καιδεκάτῳ
363 1172 557 1260 θεωρήματι
580 1171 708 1239 σκοπὸν
730 1176 803 1259 ἔσχε
823 1174 957 1258 ζητῆσαι
975 1171 1035 1251 τὰς
1053 1181 1167 1240 καλου-

108 1297 141 1344 10
160 1280 261 1365 μένας
284 1280 439 1365 δευτέρας
461 1279 517 1346 καὶ
536 1284 686 1363 συζυγεῑς
705 1279 902 1364 διαμέτρους
919 1281 976 1362 τῆς
995 1278 1169 1359 ἐλλείψεως

157 1385 213 1452 καὶ
248 1390 307 1472 τῆς
338 1383 524 1472 ὑπερβολῆς
556 1383 630 1471 ῆτοι
661 1387 730 1452 τῶν
762 1381 1015 1469 ἀντικειμένων·
1053 1381 1076 1470 ἡ
1109 1383 1167 1470 γάρ

156 1490 330 1578 παραβολὴ
351 1490 414 1559 οὐκ
432 1497 496 1579 ἔχει
515 1490 674 1576 τοιαύτην
694 1489 882 1576 διάμετρον.
918 1491 1168 1577 παρατηρητέον

158 1598 206 1680 δέ,
231 1595 281 1663 ὅτι
305 1600 343 1663 αί
363 1595 424 1682 μὲν
448 1600 508 1682 τῆς
527 1597 701 1677 ἐλλείψεως
720 1595 892 1684 διάμετροι
911 1593 1004 1675 έντδς
1023 1595 1168 1682 άπολαμ

155 1699 329 1786 βάνονται,
353 1704 390 1768 αί
412 1702 449 1769 δὲ
471 1706 530 1788 τῆς
552 1699 741 1789 ὑπερβολῆς
763 1703 818 1769 καὶ
841 1705 909 1770 τῶν
931 1701 1168 1789 ἀντικειμένων

107 1822 140 1870 1ο
159 1805 259 1885 ἐκτός.
295 1808 572 1896 καταγράφοντας
596 1808 632 1876 δὲ
655 1814 709 1876 δεῖ
729 1809 787 1888 τάς
805 1807 867 1894 μέν
884 1805 962 1897 παρ’
987 1803 1029 1889 δὶς
1047 1810 1168 1877 δάναν·

159 1938 212 1979 ται
235 1913 310 1999 ῆτοι
337 1915 396 1994 τὰς
419 1912 539 2004 ὀρθίας
561 1914 704 2000 πλευράς
726 1912 809 1999 πρὸς
833 1912 941 2001 ὀρθὰς
963 1913 1095 1982 τάττειν
1117 1913 1169 1982 καὶ

158 2021 316 2106 δηλονότι
344 2022 400 2089 καὶ
424 2022 483 2101 τάς
505 2021 739 2108 παραλλήλους
760 2018 890 2105 αὐταῖς,
918 2020 976 2099 τὰς
1000 2020 1038 2088 δέ
1061 2047 1168 2107 τεταγ·

160 2126 267 2211 μένεος
295 2131 521 2215 καταγομένας
552 2130 605 2195 καὶ
633 2127 693 2206 τὰς
721 2127 877 2212 δευτέρας
903 2127 1106 2213 διαμέτρους
1132 2122 1169 2194 οὐ

157 2230 303 2312 πάντας·
336 2234 479 2319 μάλιστα
510 2233 574 2320 γὰρ
608 2235 645 2299 έν
677 2230 768 2319 ὀξείᾳ
799 2236 906 2320 γωνίᾳ
936 2235 989 2298 δεῖ
1013 2232 1170 2319 κατάγειν

108 2352 143 2400 20
162 2336 281 2424 αὐτάς,
314 2343 371 2407 ἴνα
403 2351 520 2426 σαφεῖς
552 2332 636 2405 ὦσιν
668 2351 737 2416 τοῖς
769 2337 1031 2425 ἐντυγχάνουσιν
1064 2341 1171 2424 ἕτεραι

158 2436 255 2511 οὖσαι
277 2448 346 2513 τῶν
369 2447 589 2532 παραλλήλων
612 2448 651 2530 τῆ
677 2442 781 2532 ὀρθίμ
802 2445 937 2533 πλευρᾷ.

226 2674 320 2742 Μετὰ
353 2674 390 2742 τὸ
425 2674 657 2742 ἑκκαιδέκατον
684 2672 846 2759 θεώρημα
877 2673 979 2757 ὅρους
1006 2676 1171 2744 ἐκτίθεται

158 2782 234 2863 περὶ
265 2785 325 2867 τῆς
352 2782 558 2866 καλουμένης
591 2780 746 2866 δευτέρας
778 2780 958 2867 διαμέτρου
989 2782 1048 2866 τῆς
1074 2778 1171 2868 ὑπερ·

159 2890 260 2970 βολῆς
281 2884 337 2952 καὶ
360 2888 418 2971 τῆς
442 2889 627 2970 ἐλλείψεως,
654 2880 713 2964 οὓς
737 2883 793 2951 διδι
816 2888 1031 2972 καταγραφῆς
1054 2901 1172 2973 σαφεῖς

104 3001 139 3048 25
157 2989 350 3075 ποιῆσομεν.

226 3098 308 3161 ἔστω
336 3094 505 3181 ὑπερβολὴ
535 3094 555 3182 ῆ
582 3104 659 3181 ΑΒ,
688 3097 864 3183 διάμετρος
893 3096 930 3163 δὲ
958 3092 1061 3181 αὐτῆς
1089 3102 1171 3166 ἔστω

159 3197 180 3285 ῆ
205 3205 321 3283 ΓΒΔ,
348 3199 427 3284 παρ’
454 3198 496 3286 ἣν
525 3202 562 3270 δὲ
591 3202 754 3271 δύνανται
783 3206 821 3270 αί
846 3203 898 3269 ἐπὶ
925 3201 988 3287 τῆν
1012 3208 1078 3269 ΒΓ
1097 3229 1173 3271 κοιτ-

162 3327 374 3339 .—.....-.-.

232 3400 255 3448 τ.
277 3395 433 3466 ΚΑ(ο1λ.)]
454 3398 509 3451 ΚΘ
530 3396 565 3449 W
584 3399 613 3452 ολ
631 3415 650 3466 p
668 3399 709 3464 (Θ
732 3414 747 3452 e
767 3413 835 3453 corr.
855 3415 892 3451 m.
913 3399 952 3462 1);
977 3411 1046 3451 corr.
1066 3395 1171 3453 Comm.

162 3465 229 3535 (ak).
283 3472 308 3522 8.
330 3462 506 3540 έακεδεκάτῳ
523 3467 566 3520 W.
622 3475 646 3523 9.
667 3466 748 3537 ἔσχεν
763 3469 806 3524 W.
864 3472 905 3521 12.
924 3466 1172 3536 Mg.Q1m.1W.
