2444 3892
288 162 438 212 surocn
458 163 721 228 connumerem
739 164 778 215 m
797 164 939 216 coruos.
965 126 973 139 ⁵
1048 162 1112 226 357

168 302 278 385 itaque
303 325 357 366 eos
382 303 526 368 studiose
545 305 634 388 legas
653 306 761 388 uelim,
784 307 863 369 etsi
882 306 1114 389 concupiueris,

100 399 244 492 reliquos
278 410 376 472 etiam
410 409 451 474 ad
484 409 569 474 hano
601 413 741 474 formam
770 433 788 475 a
814 433 865 476 me
888 413 1113 496 exponi‚·hoo

101 537 228 599 quoque
252 515 310 579 deo
336 516 414 579 duce
437 516 503 579 fiet.
548 517 629 581 uale.

408 691 537 756 Aliter
560 715 665 777 prop.
689 692 808 759 XXIV.
919 729 922 734 ·

168 814 242 880 Sint
260 791 402 901 EABF,
425 820 565 881 ΛΑΒΓ
586 819 752 900 sectiones,
776 819 887 903 quoles
912 819 1070 900 diximuS‚
1084 825 1116 883 et

102 923 198 987 ducat
184 927 236 987 tur
269 923 434 1006 quaelibet
458 928 553 988 recta
582 926 691 1008 ΔΕΓ,
723 947 780 1012 per
808 931 840 988 A
873 929 981 989 autem
1008 928 1115 1037 rectee

100 1031 204 1092 ΔΕΓ
224 1030 380 1113 parallelo
403 1031 499 1094 ducat
500 1051 538 1093 ur
560 1034 635 1094 ΑΘ.
748 1050 751 1055 ⁴

168 1159 207 1200 ea
229 1137 331 1219 igitur
355 1137 383 1199 si
406 1136 495 1199 intre
518 1137 677 1201 sectiones
701 1137 800 1220 cadit,
824 1137 1091 1217 demonstratio
1081 1159 1117 1201 rn

103 1243 210 1307 uerbis
238 1240 407 1326 Apollonii
435 1242 605 1326 proposita
633 1247 712 1326 apta
740 1242 815 1328 erit3
844 1224 893 1308 sin
921 1245 956 1308 in
983 1249 1015 1306 A
1042 1264 1116 1307 con-

100 1349 214 1434 tingit,
242 1352 413 1432 utramque
438 1342 614 1414 sectionem
638 1351 816 1434 continget,
840 1354 872 1413 et
896 1371 934 1414 ea
958 1349 995 1413 de
1019 1371 1116 1414 causa

101 1456 277 1519 diametrus
316 1456 356 1519 ab
391 1461 423 1518 A
455 1451 551 1519 ducta
583 1455 716 1520 ulterius
750 1456 902 1521 sectionis
937 1457 1034 1520 etiam
1066 1478 1117 1521 re-

101 1562 209 1644 liquae
238 1561 415 1624 diametrus
444 1560 514 1624 erit.
565 1582 643 1646 ergo
671 1563 705 1626 in
735 1565 762 1625 Z
790 1566 822 1626 et
848 1565 911 1626 ΓΔ
939 1566 971 1627 et
994 1565 1060 1626 ΕΓ
1082 1563 1116 1626 in

66 1709 75 1724 .
101 1666 194 1731 binas
223 1672 333 1752 partes
362 1672 450 1732 secat
479 1667 509 1747 [I
532 1667 593 1733 def.
612 1670 663 1755 4];
692 1669 778 1753 quod
806 1668 877 1732 fieri
904 1691 971 1734 non
998 1671 1116 1754 potest.

476 1845 605 1909 Aliter
628 1845 736 1910 idem.

170 1966 242 2031 Sint
261 1949 402 2047 ΕΑΒΓ,
425 1971 458 2028 A
465 1969 567 2030 ΑΒΓ
586 1968 755 2051 sectiones,
779 1969 890 2052 quoles
913 1970 1060 2055 diximus,
1084 1974 1118 2036 et

102 2075 136 2137 in
161 2075 264 2137 ΑΒΓ
288 2072 451 2136 communi
481 2095 591 2136 earum
618 2077 711 2159 perte
734 2080 889 2156 punctum
913 2076 1043 2160 aliquod
1067 2098 1117 2140 su·
1181 2061 1184 2066 ¹

445 2182 554 2242 matur
564 2183 619 2264 .B,
651 2179 850 2265 duceturque
872 2186 938 2245 AB
966 2189 1000 2247 et
1026 2183 1060 2246 in
1088 2186 1115 2246 Z

445 2285 480 2348 in
499 2285 579 2351 duas
604 2290 712 2370 partes
732 2287 881 2370 aequales
901 2291 1035 2371 secetur,
1057 2276 1125 2373 per¹

447 2395 472 2454 Z
488 2395 598 2456 autom
613 2393 788 2458 diametrus
803 2393 939 2458 ducatur
953 2398 1064 2478 ΗΖΘ,
1083 2400 1116 2459 et

445 2519 502 2580 per
526 2501 558 2562 Γ
577 2504 684 2564 rectae
709 2502 774 2562 AB
802 2499 958 2582 paraUele
982 2501 1116 2565 ducatur

446 2607 549 2668 ΓΔΕ.

514 2713 668 2794 quoniam
683 2710 785 2796 igitur
800 2712 975 2777 diametrus
991 2718 1041 2778 est
1054 2717 1114 2779 ΖΘ

446 2821 478 2879 et
496 2820 619 2880 rectam
634 2818 728 2880 AB
718 2841 752 2882 m
772 2818 851 2882 duas
871 2824 981 2902 partes
998 2842 1115 2906 aequa·
1130 2864 1133 2868 ι

187 2921 378 3041 RN
434 2921 491 2993 les
525 2929 628 3006 secat,
665 2928 730 2988 AB
764 2925 911 2990 ordinate
942 2925 1116 2992 ductta
1066 2930 1116 2991 est

380 3008 409 3055 Γ
448 3026 476 3106 [1
496 3027 555 3091 def.
573 2973 688 3109 rie
656 3030 736 3093 ee
759 3030 918 3113 parallelo
941 3036 992 3096 ese
1011 3035 1115 3099 ras
1146 3059 1149 3065 -

101 3133 210 3215 itaque
229 3133 263 3195 in
280 3133 334 3196 Θ
325 3155 359 3195 m
379 3132 472 3197 binas
491 3114 601 3215 partes
621 3136 772 3220 aequales
792 3141 879 3201 secte
894 3140 943 3201 est
958 3137 989 3220 [I
1003 3138 1063 3202 def.
1078 3139 1113 3219 4]

100 3240 133 3302 in
158 3241 295 3302 ΕΑΒΓ
319 3239 460 3304 sectione
478 3240 582 3325 ΕΓ,
573 3263 606 3304 1n
630 3245 770 3306 ΛΑΒΓ
793 3247 901 3307 autem
921 3247 995 3308 ΔΓ.
1037 3265 1114 3329 ergo

100 3349 215 3459 ΕΘε
231 3350 310 3408 ΘΛ
304 3346 414 3429 ,quod
438 3347 508 3411 fieri
530 3368 596 3411 non
620 3352 729 3430 potest

156 3455 230 3570 Γῆς.
250 3519 305 3556 om.
325 3502 393 3571 Wp
