2444 3892
131 129 173 192 76
528 134 695 189 mmm
713 132 751 193 ε’.

129 273 294 360 πρότερον
323 272 379 341 θιά
402 274 464 361 μὲν
487 277 549 363 τὴν
573 278 689 366 ἑτέραν
711 277 834 365 τομήν,
862 277 909 358 ὡς
931 277 953 366 ἡ
979 282 1049 357 ΞΔ
1070 280 1147 368 πρὸς

130 388 210 465 ΔΖ,
234 377 255 467 ἡ
278 383 346 456 ΞΚ
366 381 450 468 πρὸς
474 389 554 470 ΚΖ,
584 383 640 451 διὰ
664 384 702 452 δὲ
724 385 786 472 τὴν
808 384 942 472 ἑτέραν,
971 381 1020 467 ὥς
1043 384 1065 474 ἡ
1088 389 1147 464 ΞΛ

129 485 214 573 πρὸς
236 494 312 573 ΔΖ,
337 486 357 574 ἡ
382 490 453 564 ΞΗ
471 491 554 578 πρὸς
572 497 652 558 ΗΖ·
677 489 757 579 ὅπερ
780 488 963 559 ἀδύνατον.
1005 489 1070 562 οὐκ
1088 491 1146 581 ἀρα

129 590 150 679 ἡ
175 595 384 683 ἀντικειμένη
410 612 631 684 συμπεσεῖται.

93 820 109 867 5
601 791 673 881 μθ’.

194 917 274 987 Ἐἀν
298 918 466 1007 ὑπερβολὴ
490 922 566 1004 μιάς
589 928 656 986 τῶν
674 916 914 1004 ἀντικειμένων
934 919 1145 1005 ἐφαπτομένη

128 1023 209 1094 καθ’
244 1029 358 1113 ἕτερον
389 1022 472 1113 αὐτῇ
502 1038 640 1111 σημεῖον
668 1029 852 1111 συμπίπτη,
884 1021 906 1109 ἡ
934 1020 1144 1111 ἀντικειμένη

129 1132 214 1222 αὐτῇ
237 1137 277 1220 τῇ
302 1133 396 1222 έτέμμ
418 1136 485 1199 τῶν
510 1127 746 1217 ἀντικειμένων
770 1128 811 1198 οὐ
831 1144 1050 1216 συμπεσεῖται
1069 1125 1144 1198 κατά

128 1245 267 1307 πλείονα
291 1252 409 1325 σημεῖα
430 1234 451 1324 ἢ
476 1239 522 1305 έν.

77 1371 110 1418 10
197 1351 346 1413 ἔστωσαν
375 1341 600 1432 ἀντικείμεναι
628 1347 665 1410 αί
686 1348 794 1430 ΑΒΓ,
818 1350 938 1430 ΕΖΗ,
966 1344 1024 1412 καὶ
1051 1342 1142 1430 ὑπεμ

129 1452 212 1541 βολή
236 1476 285 1529 τις
308 1446 328 1535 ἡ
350 1456 421 1515 ΔΑ
427 1456 458 1517 Γ
478 1451 676 1536 ἐφαπτέσθω
696 1449 757 1537 μέν
776 1449 859 1518 κατά
876 1450 915 1519 τὸ
934 1460 979 1537 Α,
1002 1455 1142 1540 τεμνέτω

129 2485 166 2552 δὲ
189 2482 271 2552 κατά
295 2483 332 2554 τὸ
352 2491 390 2570 Γ,
409 2484 465 2552 καὶ
484 2488 566 2551 έστω
585 2493 625 2572 τῇ
646 2491 753 2552 ΔΑΓ
767 2482 976 2573 ἀντικειμένη
997 2483 1019 2573 ἡ
1039 2493 1139 2553 m.

127 2591 231 2678 λέγω,
261 2588 312 2660 ὅτι
336 2588 377 2660 οὐ
399 2602 611 2676 συμπεσεῖται
634 2594 674 2679 τῇ
702 2592 797 2681 ἑτέρᾳ
825 2588 1036 2681 ἀντικειμένη
1059 2590 1137 2662 κατά
1163 2660 1170 2672 ,

128 2704 267 2767 πλείονα
291 2709 410 2784 σημεῖα
434 2695 454 2783 ἢ
480 2698 525 2763 έν.

75 2828 107 2877 15
194 2809 225 2872 εί
250 2803 315 2892 χάρ
345 2801 506 2889 δυνατόν,
536 2804 749 2889 συμβαλλέτω
776 2803 858 2871 κατὰ
883 2803 946 2872 δύο
973 2803 1016 2872 τὰ
1040 2813 1082 2892 Ε,
1105 2813 1139 2891 Ζ,

126 2911 182 2978 καὶ
201 2907 386 2996 ἐπεζεύχθω
410 2905 430 2994 ἡ
450 2915 523 2994 ΕΖ,
546 2908 602 2976 καὶ
626 2908 682 2977 θιά
706 2913 767 2978 τοῦ
786 2920 818 2977 Α
842 2913 1054 2999 ἐφαπτομένη
1074 2923 1138 2982 τῶν

124 3021 237 3104 τομῶν
260 3013 356 3102 η’χθω
380 3010 401 3100 ἡ
424 3020 503 3081 ΑΚ.

191 3121 266 3208 ἤτοι
291 3121 331 3208 δὴ
356 3120 565 3206 παράλληλοί
586 3123 672 3188 εἰσιν
696 3117 717 3208 ἢ
742 3121 792 3189 οὔ.

193 3232 341 3294 ἔστωσαν
369 3226 533 3312 πρότερον
559 3226 781 3316 παράλληλοι,
808 3229 864 3296 καὶ
886 3227 981 3317 ἤχθω
1007 3228 1028 3318 ἡ
1054 3235 1141 3320 διχο-

196 3409 220 3490 Ιῖ,
241 3397 290 3456 ὃιά
309 3433 342 3442 -
363 3408 387 3456 3.
409 3403 475 3474 ΗΖ]
494 3421 522 3473 p,
542 3420 595 3460 om.
610 3406 643 3461 V.
726 3412 750 3459 4.
771 3402 788 3475 ἡ
808 3402 990 3478 ἀντικειμένη
1009 3414 1044 3481 τῇ
1063 3404 1140 3465 ἀντι-

124 3493 240 3546 κειμενη
259 3492 286 3543 p.
