2444 3892
124 134 167 199 28
524 132 690 187 Κοαοαια
709 125 747 184 ι’.

190 277 287 361 λέγω,
313 273 364 343 ὅτι
383 270 405 360 ἡ
425 271 491 344 ἀπὸ
510 277 572 343 τοῦ
591 279 618 340 Ζ
636 271 690 341 ἐπὶ
708 268 746 340 τὸ
765 276 797 338 Γ
810 268 964 357 ἀγομένη
984 269 1147 358 παράλλη-

125 388 183 461 λος
206 386 297 449 ἔσται
319 384 360 470 τῇ
383 378 605 471 ἆσυμπτῶτω,
629 377 682 465 ἐφ’
703 369 745 464 ἧς
767 379 836 445 ἐστι
858 377 897 445 τὸ
922 389 1082 464 σημεῖον.

193 493 343 556 ἔστωσαν
370 480 409 554 τὰ
443 482 526 554 αὐτοὶ

125 606 196 672 τοῖς
216 598 419 680 ἔμπροσθεν,
438 591 476 660 τὸ
492 592 530 659 δὲ

91 710 159 765 σΔ
191 713 330 785 σημεῖον
363 698 415 766 ἐπὶ
451 702 530 785 μιῶς

125 815 193 872 τῶν
213 801 454 891 ἆσυμπτῶτων,
472 805 527 871 καὶ

77 969 80 975 ,
126 908 221 998 ἤχθω
241 911 297 978 διὰ
317 915 378 978 τοῦ
398 918 426 977 Ζ
448 934 530 996 παρ·

127 1016 286 1104 ἅλληλος,
323 1016 379 1084 καὶ
411 1020 442 1083 εἰ
474 1021 529 1083 δυ·
596 985 632 1042 A

128 1123 242 1208 ῶατόν,
259 1122 304 1210 μὴ
319 1124 462 1190 πιπτέτω
477 1121 531 1189 ἐπὶ

75 1244 109 1294 10
127 1227 166 1297 τὸ
190 1234 228 1314 Γ,
255 1227 329 1296 ἀλλ’
351 1228 404 1296 ἐπὶ
426 1229 464 1295 τὸ
488 1235 531 1296 Η.

129 1340 220 1403 ἔσται
244 1334 298 1421 δή,
322 1331 368 1413 ῶς
390 1330 411 1420 ἡ
431 1343 501 1402 ΑΛ
520 1332 603 1420 πρὸς
622 1342 700 1420 ΛΒ,
724 1331 745 1420 ἡ
765 1340 839 1401 ΑΗ
858 1331 942 1422 πρὸς
966 1340 1050 1402 ΗΒ·
1073 1331 1145 1416 ’ὅπερ

129 1443 264 1509 ἄτοπον.
302 1438 322 1526 ἡ
346 1437 411 1526 ἄρα
435 1437 501 1508 α’πὸ
526 1450 587 1507 τοῦ
606 1447 633 1505 Ζ
656 1439 746 1526 παρὰ
769 1437 831 1526 τὴν
855 1435 1084 1535 ἄσύμπτωτον
1102 1438 1146 1508 ἐπὶ

128 1545 166 1613 τὸ
191 1552 223 1613 Γ
240 1550 371 1612 πίπτει·

647 1650 658 1675 ι

609 1677 667 1735 ιη.

78 1787 111 1837 15
194 1770 274 1840 Ἐὰν
306 1773 343 1840 ἐν
376 1770 620 1860 ἀντικειμέναις
653 1780 771 1863 ληφθῇ
798 1800 830 1841 τι
859 1788 1001 1862 σημεῖον
1030 1779 1147 1864 μεταξὺ

130 1882 198 1948 τῶν
223 1878 285 1948 δύο
308 1882 433 1966 τομῶν,
455 1881 512 1948 καὶ
535 1877 592 1948 ἀπ’
614 1881 720 1948 αὑτοῦ
743 1877 807 1948 δύο
831 1876 964 1948 εὐθεῖαι
984 1885 1148 1972 διαχθῶσι

130 1987 313 2073 τέμνουσαι
345 1987 504 2074 ἑκατέραν
536 1991 604 2055 τῶν
636 1988 765 2074 τομῶν,
797 1986 852 2053 καὶ
880 1982 925 2066 ῶς
952 1992 1092 2075 ἔχουσιν
1117 1992 1150 2057 αἱ

98 2131 101 2135 -
132 2091 253 2179 μεταξὺ
284 2097 342 2179 τῆς
370 2097 447 2180 μιᾶς
474 2097 578 2180 τομῆς
608 2091 691 2182 πρὸς
718 2093 778 2172 τὰς
805 2091 927 2179 μεταξὺ
953 2098 1013 2180 τῆς
1042 2097 1149 2183 ἑτέρας

131 2203 235 2284 τομῆς
253 2198 308 2265 καὶ
326 2203 388 2267 τοῦ
406 2197 512 2267 αὐτοῦ
532 2200 683 2284 σημείου,
704 2196 811 2277 οὕτως
829 2203 949 2285 ἔχωσιν
968 2203 1006 2267 αἱ
1020 2208 1151 2287 μείζους

81 2317 115 2366 20
132 2313 201 2370 τῶν
225 2300 558 2392 ἀπολαμβανομένων
580 2301 702 2389 μεταξὺ
723 2308 791 2372 τῶν
809 2306 1052 2391 ἀντικειμένων
1070 2310 1150 2395 πρὸς

132 2406 192 2487 τὰς
205 2405 370 2497 ὑπεροχὰς
384 2410 509 2496 αὐτῶν,
523 2407 544 2497 ἡ
556 2407 613 2477 διὰ
624 2412 693 2478 τῶν
706 2409 859 2495 περάτων
873 2408 1020 2498 ἀγομένη
1036 2413 1150 2482 εὐθεῖα

133 2518 200 2585 τῶν
228 2515 391 2602 μειζόνων
417 2517 563 2585 εὐθειῶν
594 2529 667 2595 ταῖς
692 2529 810 2601 τομαῖς
836 2531 1068 2606 συμπεσεῖται,
1097 2521 1149 2588 καὶ

134 2624 173 2689 αἱ
207 2620 271 2691 ἀπὸ
308 2627 376 2691 τῶν
413 2622 640 2711 συμπτῶσεων
676 2621 730 2690 ἐπὶ
764 2620 802 2690 τὸ
841 2622 975 2710 ληφθὲν
1011 2639 1151 2714 σημεῖον

135 2726 300 2816 ἀγόμεναι
323 2727 456 2797 εὐθεῖαι
479 2729 667 2816 έφᾶψονται
689 2732 757 2796 τῶν
779 2733 952 2818 γραμμῶν.

81 2850 116 2899 *26
197 2841 353 2904 ἔστωσαν
375 2836 602 2922 ἀντικείμεναι
631 2837 669 2903 αἱ
689 2844 732 2921 Α,
747 2841 787 2920 Β,
813 2835 870 2902 καὶ
892 2833 930 2903 τὸ
954 2843 988 2902 Δ
1010 2852 1152 2925 σημεῖον

135 2941 257 3027 μεταξὺ
284 2946 354 3010 τῶν
382 2944 506 3027 τομῶν.
551 2941 717 3028 πρότερον
743 2938 937 3009 ὑποκείσθω
961 2943 998 3010 ’ἐν
1020 2955 1063 3031 τῇ
1086 2942 1152 3014 ὑπὸ

135 3051 202 3114 τῶν
231 3045 459 3134 ἀσυμπτῶτων
484 3049 703 3137 περιεχομένῃ
726 3054 849 3137 γωνίᾳ,
876 3048 930 3114 καὶ
955 3048 1012 3117 διὰ
1033 3056 1096 3120 τοῦ
1121 3061 1154 3120 Δ

136 3152 332 3238 διήχθωσαν
347 3156 385 3220 αἱ
396 3161 428 3219 Α
434 3162 467 3221 Λ
472 3160 512 3239 Β,
526 3161 589 3222 ΓΛ
594 3162 631 3223 Θ.
660 3160 779 3241 μείζων
794 3152 860 3241 ἄρα
875 3152 966 3221 ἐστὶν
979 3152 1000 3240 ἡ
1014 3154 1079 3242 μὲν
1088 3166 1154 3225 ΑΔ

135 3261 193 3343 τῆς
216 3267 298 3346 ΑΒ,
325 3257 347 3347 ἡ
376 3259 413 3328 δὲ
441 3266 504 3328 ΓΔ
529 3265 589 3349 τῆς
611 3269 692 3348 ΛΘ,
721 3260 808 3328 διότι
835 3268 891 3347 ἴση
920 3263 1011 3330 ἐστὶν
1038 3259 1060 3349 ἡ
1084 3270 1157 3332 ΒΝ

136 3394 348 3406 —--—

209 3474 252 3522 23.
271 3466 319 3541 αἱ]
339 3487 393 3525 om.
408 3472 472 3543 Vp;
491 3488 561 3530 corr.
580 3473 690 3542 Halley.
