2444 3892
235 192 339 242 PAPPI
354 190 531 242 LEMMATA
549 190 589 242 m
608 189 727 242 como.
745 191 814 243 οιο.
833 190 930 244 1-w.
1027 187 1091 252 149

74 334 112 399 τὸ
141 336 210 398 ΑΓ
233 328 581 417 παραλληλόγραμμον
609 333 692 416 πρὸς
721 331 759 395 τὸ
788 335 856 395 ΛΖ
882 329 1091 416 παραλληλό-

76 461 240 523 γραμμον.

144 581 174 645 εί
196 576 257 663 μὲν
282 567 345 644 οὖν
369 575 477 662 ὀρθαί
497 580 583 644 εἰσιν
607 579 644 643 αί
661 584 700 662 Β,
719 584 751 643 E
772 582 902 662 γωνίαι,
926 575 1090 664 φανερόν·

78 688 109 750 εί
136 683 173 751 δὲ
200 681 260 768 μή,
294 679 455 769 ἤχθωσαν
483 680 624 750 κάθετοι
652 685 689 749 αί
709 687 793 768 ΑΗ,
811 689 887 750 ΔΘ.
933 684 1003 751 ἐπεὶ
1027 677 1090 752 οὖν

78 799 132 874 ίση
157 790 246 857 ἐστὶν
270 786 291 874 ἡ
315 789 376 874 μὲν
400 794 428 854 Β
452 794 558 873 γωνία
580 798 620 876 τῇ
645 796 689 874 Ε,
713 785 734 875 ἡ
759 787 796 855 δὲ
819 794 859 854 Η
877 785 964 875 ὀρθὴ
989 793 1028 877 τῇ
1052 797 1091 874 Θ,
1129 802 1147 850 5

79 895 263 981 ίσογολνιον
295 895 362 981 ἄρα
392 894 483 962 ἐστὶν
515 898 553 961 τὸ
580 901 688 961 ΑΒΗ
718 899 886 980 τρίγωνον
918 897 963 982 τῷ
992 902 1093 962 ΔΕΘ

450 999 618 1090 τριγώνῳ·
640 1005 729 1068 ἔστιν
744 1001 821 1087 ἄρα,
837 997 883 1078 ὡς
895 997 915 1085 ἡ
927 1007 993 1067 ΒΑ
1010 999 1094 1088 πρὸς

451 1105 514 1191 τὴν
539 1114 626 1191 ΑΗ,
655 1104 761 1185 οὕτως
783 1102 804 1192 ἡ
829 1112 898 1172 ΒΛ
924 1105 1008 1192 πρὸς
1031 1104 1094 1193 τὴν

452 1219 519 1279 ΔΘ
542 1215 645 1296 [Εοολ.
664 1214 720 1297 VI,
742 1215 789 1295 4].
824 1208 896 1278 ἄλλ’
920 1209 965 1290 ὡς
988 1211 1048 1298 μὲν
1071 1209 1092 1297 ἡ

452 1324 518 1385 ΒΑ
534 1341 619 1403 προς
637 1315 698 1403 τὴν
717 1324 799 1401 ΑΗ,
822 1315 928 1396 οὕτως
947 1316 1036 1384 ἐστὶν
1055 1314 1091 1384 τὸ
1115 1329 1150 1378 10

450 1420 516 1490 ὑπὸ
540 1429 639 1490 ΑΒΓ
663 1425 748 1511 πρὸς
770 1422 809 1492 τὸ
829 1420 894 1491 ὑπὸ
918 1428 1002 1508 ΑΗ,
1020 1428 1093 1508 ΒΓ,

451 1526 495 1607 ὡς
515 1528 552 1597 δὲ
570 1527 591 1614 ἡ
611 1536 680 1598 ΕΔ
702 1529 787 1616 πρὸς
809 1528 872 1615 τὴν
886 1536 963 1614 ΔΘ,
988 1526 1095 1608 οὕτως

451 1635 541 1702 ἐστὶν
564 1633 601 1702 τὸ
630 1632 696 1703 ὑπὸ
722 1641 823 1702 ΑΒΖ
855 1635 939 1720 πρὸς
965 1632 1002 1702 τὸ
1026 1631 1093 1702 ὑπὸ

452 1748 527 1824 ΔΘ,
548 1748 626 1807 ΕΖ·
657 1746 748 1810 ἔστιν
776 1739 842 1827 ἄρα
865 1739 1020 1826 ἐναλλάξ,
1049 1737 1094 1818 ὥς

79 1843 117 1912 τὸ
140 1842 207 1912 ὑπὸ
228 1851 330 1912 ΑΒΓ
349 1844 433 1932 πρὸς
455 1845 492 1914 τὸ
516 1843 583 1913 ὑπὸ
605 1854 718 1931 ΑΕΖ,
743 1847 849 1924 οὕτως
871 1846 908 1913 τὸ
928 1845 993 1915 ὑπὸ
1014 1852 1095 1931 ΑΗ,
1115 1859 1147 1910 lb

79 1957 151 2037 ΒΓ,
170 1952 341 2019 τουτέστιν
360 1949 398 2018 τὸ
412 1958 481 2020 ΑΓ
495 1951 856 2039 παραλληλόγραμμον,
874 1951 959 2036 πρὸς
976 1948 1014 2018 τὸ
1029 1948 1093 2019 ὑπὸ

79 2065 161 2142 ΑΘ,
181 2065 258 2144 ΕΖ,
286 2058 458 2125 τουτέστιν
481 2054 565 2139 πρὸς
587 2056 625 2124 τὸ
649 2066 682 2123 Α
690 2064 717 2122 Ζ
738 2055 1095 2144 παραλληλόγραμμον.

145 2197 193 2266 θ’.
214 2196 323 2265 Ἔστω
343 2202 510 2285 τρίγωνον
528 2197 565 2264 τὸ
585 2204 695 2284 ΑΒΓ,
720 2202 803 2265 ἔστω
824 2196 862 2264 δὲ
885 2196 1096 2285 παράλληλος

79 2301 100 2390 ἡ
125 2309 191 2370 ΒΓ
217 2308 257 2391 τῇ
282 2310 364 2389 ΔΕ,
395 2304 519 2393 καὶτῷ
543 2300 610 2371 ολπὸ
634 2308 693 2390 τῆς
716 2309 777 2371 ΓΑ
804 2311 880 2371 λ’σον
903 2311 1029 2371 κείσθω
1056 2301 1094 2371 τὸ

584 2407 648 2479 ὑπὸ
666 2417 776 2477 ΖΑΒ·
796 2407 859 2495 ὅτι,
877 2407 936 2477 ἐὰν
952 2411 1094 2496 ἐπιζενχ-
1114 2422 1148 2472 20

583 2520 694 2583 θῶσιν
718 2519 755 2582 αί
774 2522 849 2601 ΛΓ,
866 2523 943 2601 ΒΖ,
969 2521 1097 2601 γίνεται

583 2625 793 2708 παράλληλος
820 2619 840 2707 ἡ
866 2628 930 2688 ΒΖ
957 2624 996 2710 τῇ
1020 2626 1096 2688 ΔΓ.

649 2730 749 2795 τοῦτο
769 2728 809 2794 δέ
826 2729 916 2795 ἐστιν
935 2725 1096 2815 φανερόν.

584 2834 653 2901 ἐπεὶ
683 2831 746 2920 γιλρ
775 2836 880 2919 ἐστιν,
914 2831 959 2913 ὡς
986 2831 1006 2919 ἡ
1032 2839 1097 2899 ΖΑ

581 2941 666 3026 πρὸς
688 2939 749 3025 τὴν
768 2946 843 3024 ΑΓ,
868 2937 974 3020 οὕτως
995 2936 1015 3025 ἡ
1036 2943 1096 3006 ΓΑ
1115 2948 1150 2998 25

522 3063 547 3108 Ζ
582 3043 666 3132 πρὸς
700 3044 762 3131 τὴν
796 3053 886 3131 ΑΒ,
924 3042 969 3125 ὡς
1005 3044 1042 3112 δὲ
1074 3041 1095 3129 ἡ

79 3158 140 3220 ΓΑ
162 3179 246 3240 προς
268 3150 330 3239 τὴν
354 3159 432 3237 ΑΒ,
456 3150 562 3231 οὕτως
585 3152 675 3220 ἐστὶν
699 3154 736 3218 ἐν
759 3150 960 3243 παραλλήλῳ
989 3148 1096 3237 ἡΒΑ

79 3257 162 3345 πρὸς
181 3267 251 3325 ΑΛ
276 3262 379 3343 [Εοολ.
399 3261 454 3345 VI,
473 3262 524 3343 4]‚
547 3258 603 3325 καὶ
627 3255 673 3336 ὡς
695 3257 761 3345 ἄρα
784 3256 805 3344 ἡ
831 3266 895 3325 ΖΑ
918 3259 1003 3345 πρὸς
1021 3263 1096 3344 ΑΓ,

153 3531 195 3580 19.
214 3530 247 3597 τῇ
268 3529 322 3580 ΒΓ
339 3520 356 3593 ἡ
376 3527 433 3578 ΔΕ
452 3523 522 3580 coni.
542 3521 671 3577 Hultsch.
