2444 3892
285 167 436 219 nnrocn
454 166 717 220 connnnrnnn
735 169 775 220 nr
794 169 936 222 cernon
1047 168 1111 232 173

100 309 220 389 puncto
245 307 354 390 aliquo
378 311 410 370 E
431 305 472 371 ad
494 311 559 371 AB
583 307 857 392 perpendicularis
880 310 1016 375 ducatur
1034 316 1068 375 A
1074 316 1112 397 E,

100 412 233 493 planum
257 416 364 476 aulem
388 433 445 494 per
460 416 530 476 ΔΕ
551 413 590 477 ad
604 417 670 477 AB
693 415 956 498 perpendiculare
979 417 1112 482 ductum

101 538 218 581 conum
247 520 346 602 secet3
373 516 482 599 itaque
511 518 622 600 anguli
649 523 769 604 ΑΕΔ,
791 523 891 583 ΑΕΖ
919 522 1000 586 recti
1028 528 1111 590 sunl.

102 623 168 687 iam
192 623 221 687 si
244 644 344 687 conus
368 622 576 708 rectangulus
605 626 655 687 esi
683 628 716 688 et
743 624 816 689 ideo
844 629 982 704 [ΒΑΓ
1004 631 1111 692 rectus

102 731 138 792 ut
170 729 205 792 in
231 731 336 814 prima
364 727 483 813 figura,
516 731 610 792 erunt
642 731 833 810 [ΒΑΓ-Ι·
856 733 956 794 ΑΕΖ
988 731 1112 797 duobus

102 835 200 898 rectis
229 835 393 920 aequales;
428 855 526 917 quare
555 837 656 897 ΔΕΖ
685 837 718 898 el
744 838 814 899 ΑΓ
837 835 1011 917 parallelae
1039 841 1115 900 sunt

105 939 209 1021 [Euel.
232 940 258 1025 Ι,
284 941 352 1022 28].
407 943 440 1004 et
471 939 505 1003 in
538 940 705 1024 superficie
738 940 811 1005 coni
843 940 944 1004 sectio
977 939 1114 1005 efficitur

101 1047 260 1128 parabola
288 1068 370 1130 quae
398 1048 547 1129 uocatur,
575 1045 627 1110 eui
654 1044 717 1110 hoe
743 1067 862 1110 nomen
889 1044 1028 1109 inditum
1056 1048 1115 1129 est,

102 1152 178 1234 quia
201 1155 315 1235 AEZ,
344 1173 425 1235 quae
449 1152 631 1216 communis
660 1151 759 1215 sectio
783 1154 833 1215 est
856 1152 947 1235 plani
976 1151 1115 1215 secantis

101 1257 321 1342 triangulique
343 1280 402 1342 per
425 1280 518 1323 axem
536 1258 646 1342 positi,
669 1257 765 1321 lateri
783 1258 940 1343 trianguli
954 1260 1024 1321 ΑΓ
1042 1279 1115 1341 per·

103 1363 198 1426 allela
221 1367 278 1426 est.

168 1469 219 1532 sin
248 1489 347 1533 conus
376 1469 624 1552 obtusiangulus
648 1471 699 1533 est
726 1468 821 1532 utin
845 1468 986 1533 secunde
1010 1468 1115 1552 figura

102 1573 218 1639 obtuso
252 1574 377 1640 scilicet
412 1575 521 1659 posito
555 1576 707 1659 LBAI',
744 1577 832 1639 recto
867 1579 975 1639 autem
1005 1578 1115 1656 ΑΕΖ,

157 1692 184 1742 Δ
793 1685 814 1755 L
833 1683 937 1744 ΒΑΓ
954 1682 994 1762 -Ι-
1016 1683 1114 1744 ΑΕΖ

794 1786 918 1851 duobus
937 1785 1035 1851 rectis
1050 1808 1114 1850 ma·

794 1891 878 1955 iores
893 1896 1003 1974 erunt3
1017 1913 1115 1975 quare

793 1998 827 2057 A
833 1999 895 2059 EZ
921 2001 954 2061 el
978 1999 1047 2060 AF
1069 1999 1114 2059 la-

794 2101 847 2163 tus
863 2100 903 2163 ad
916 2105 1026 2185 partes
1043 2104 1079 2181 Z,
1089 2103 1121 2164 Γ

796 2225 909 2269 uersus
943 2226 1009 2270 non
1041 2226 1116 2270 eon·

795 2313 941 2394 current,
984 2311 1039 2374 sed
1076 2309 1117 2375 ad

794 2418 905 2498 paries
929 2421 973 2498 A,
992 2420 1023 2479 Ε
1044 2438 1115 2480 uer-

797 2542 860 2604 sus,
879 2522 1038 2605 producta
1058 2523 1116 2587 sei·

149 2609 711 2727 ww
795 2627 871 2692 licet
907 2631 971 2692 ΓΑ
1009 2627 1049 2691 ad
1083 2633 1117 2692 A

530 2721 564 2771 Λ
796 2732 905 2814 [Eucl.
930 2732 946 2796 I
978 2738 1038 2797 alr.
1068 2734 1117 2814 5].

105 2839 216 2923 itaque
238 2840 372 2924 planum
397 2861 509 2904 secans
531 2839 566 2902 in
591 2837 756 2923 superficie
780 2840 853 2903 coni
877 2839 1052 2904 sectionem
1071 2839 1117 2903 ef-

104 2944 191 3009 ficiet
204 2944 420 3028 hyperbolem
439 2965 519 3027 quae
539 2946 682 3026 uocatur,
702 2942 753 3007 eui
768 2943 830 3008 hoe
843 2965 963 3009 nomen
977 2945 1117 3009 inditum

106 3055 168 3133 est,
202 3051 277 3134 quia
303 3049 415 3134 anguli
436 3049 498 3134 illi,
525 3048 557 3113 h.
582 3070 607 3114 e.
630 3052 743 3132 ΑΕΖ,
766 3051 875 3131 ΒΑΓ,
903 3050 982 3115 duos
1011 3054 1117 3116 rectos

106 3189 153 3199 --

958 3195 1117 3204 ———

108 3292 162 3330 ree.
179 3274 225 3343 W,
245 3291 299 3330 om.
313 3293 370 3329 vw.
436 3280 476 3330 19.
497 3276 558 3347 τῆς]
577 3291 646 3330 corr.
665 3290 699 3328 ex
717 3279 767 3329 τοῦ
787 3293 822 3329 m.
839 3279 853 3327 1
873 3294 899 3345 p.
963 3281 1006 3332 20.
1026 3277 1116 3349 AEZ]

108 3348 192 3398 ΔΕΖ
248 3347 277 3400 et
293 3345 340 3413 W,
365 3346 414 3399 sed
434 3362 502 3402 corr.
576 3350 620 3403 21.
638 3345 729 3416 ΑΕΖ]
748 3361 802 3402 om.
817 3346 854 3400 W
872 3345 901 3400 in
921 3349 989 3403 extr.
1009 3346 1065 3415 lin,
1085 3368 1116 3418 p;

108 3431 228 3470 corr..
316 3421 359 3471 22.
380 3418 474 3543 ΔΕΖΗ
498 3419 578 3471 ΑΕΖ
595 3415 666 3485 Wp,
685 3432 754 3471 corr.
773 3416 805 3471 U.
888 3418 931 3489 Γ]
951 3435 1018 3474 corr.
1039 3422 1116 3474 exE

107 3503 144 3540 m.
164 3491 178 3539 1
197 3485 242 3540 W.
319 3492 362 3541 27.
381 3506 447 3542 τουτ
465 3506 524 3542 στιν
542 3487 588 3542 W.
