2444 3892
134 186 155 249 6
533 182 701 235 mmm
719 179 759 238 α’.

132 329 215 414 μένη
249 321 366 392 εὐθεῖα
398 321 484 392 ὥστε
515 321 574 403 τὰς
607 321 795 411 ὁμολόγους
827 320 965 402 εὐθείας
999 327 1087 412 πρὸς
1114 327 1155 416 τῷ

135 438 226 528 αὐτῷ
250 443 375 530 σημείῳ
400 436 497 525 εἶναι,
521 438 542 526 ἡ
563 435 627 506 ἀπὸ
645 442 706 526 τῆς
723 436 816 526 ἁφῆς
833 438 887 506 ἐπὶ
904 435 968 525 τῆν
990 443 1156 529 διαίρεσιν

132 552 281 642 ἀγομένη
310 555 428 623 εὐθεῖα
457 567 672 642 συμπεσεῖται
698 558 739 643 τῆ
768 557 920 643 γραμμῆ,
953 554 1013 622 καὶ
1042 551 1065 642 ῆ
1096 552 1155 623 ἀπὸ

131 674 190 757 τῆς
214 669 436 758 συμπιέσεως
459 671 512 738 έπὶ
535 674 572 739 τὸ
591 673 684 751 έντὸς
703 683 844 757 σημεῖον
863 669 1017 759 ἀγομένη
1038 669 1156 742 εὐθεῖα

98 805 114 854 5
134 783 313 872 ἐφάπτεται
336 789 395 874 τῆς
417 790 579 874 γραμμῆς.

200 905 284 968 ἔστω
303 898 367 988 γὰρ
385 902 499 969 κοίνου
513 897 595 988 τομῆ
615 895 777 986 ῆκύιιλου
795 900 993 987 περιφέρεια
1009 901 1031 989 ῆ
1048 910 1157 990 ΑΒΓ,

130 1016 187 1084 καὶ
211 1017 366 1104 είλῆφθω
388 1044 421 1085 τι
445 1029 584 1102 σημεῖον
607 1016 700 1094 ἐκτὸς
722 1018 760 1083 τὸ
780 1022 824 1100 Δ,
847 1015 903 1082 καὶ
926 1010 985 1083 ἀπ’
1008 1015 1156 1106 αὐτοῦῆ

130 1131 193 1219 μέν
217 1139 284 1200 ΔΒ
307 1132 507 1220 ἐφαπτέσθω
531 1129 674 1198 κατὰτὸ
697 1136 742 1215 Β,
770 1128 791 1217 ῆ
817 1129 854 1198 δὲ
878 1137 986 1198 ΔΕΓ
1009 1135 1156 1220 τεμνέτω

131 1246 195 1334 τῆν
222 1247 328 1335 τομῆν
355 1244 438 1314 κατὰ
465 1245 505 1314 τὰ
530 1253 575 1330 Ε,
595 1251 637 1331 Γ,
669 1246 726 1313 καὶ
754 1242 796 1313 ὃν
824 1251 890 1332 ἔχει
912 1245 1020 1332 λόγον
1049 1249 1073 1336 ῆ
1100 1256 1158 1318 ΓΔ

78 1380 113 1427 10
133 1366 217 1449 πρὸς
239 1369 317 1449 ΔΕ,
340 1365 463 1431 τοῦτον
488 1361 587 1448 ἐχέτω
610 1358 631 1448 ῆ
657 1366 717 1428 ΓΖ
740 1365 823 1449 πρὸς
846 1369 917 1428 ΖΕ.

201 1477 303 1563 λέγω,
337 1474 388 1545 ὅτι
416 1473 437 1564 ῆ
465 1472 531 1544 ἀπὸ
559 1480 621 1544 τοῦ
644 1483 673 1544 Β
702 1477 755 1544 ἐπὶ
777 1480 815 1544 τὸ
840 1484 867 1543 Ζ
895 1474 1048 1565 ἀγομένη
1081 1501 1155 1568 συμ-

132 1595 242 1658 πίπτει
264 1592 306 1679 τῆ
328 1594 424 1678 τομῆ,
447 1590 503 1658 καὶ
526 1587 547 1677 ῆ
571 1588 636 1659 ἀπὸ
659 1595 719 1678 τῆς
741 1589 964 1679 συμπιέσεως
989 1593 1045 1661 ἐπὶ
1066 1600 1106 1664 τὸ
1126 1604 1154 1663 Δ

129 1704 309 1792 έφοίπτεται
332 1709 391 1792 τῆς
413 1710 524 1794 τομῆς.

200 1822 284 1906 [ἐπεὶ
312 1813 375 1890 οὖν
403 1818 424 1909 ῆ
450 1828 519 1890 ΔΓ
542 1823 654 1910 τέμνει
680 1819 743 1909 τῆν
766 1821 872 1910 τομῆν
899 1821 982 1890 κατὰ
1008 1825 1077 1895 δύο
1103 1847 1152 1914 ση-

80 1953 111 2004 ῑο
129 1952 221 2026 μεῑα,
252 1937 428 2007 οὐκέσται
458 1938 634 2026 διάμετρος
657 1935 767 2023 αὐτῆς.
816 1941 965 2006 δυνατὸν
989 1937 1060 2025 ἄρα
1085 1942 1149 2012 ἐστὶ

129 2055 185 2123 διὰ
204 2061 266 2124 τοῦ
285 2064 319 2123 Δ
339 2054 520 2142 διάμετρον
539 2052 690 2140 ἀγαγεῖν·
715 2051 799 2122 ὥστε
814 2054 871 2122 καὶ
886 2055 1147 2146 ἐφαπτομένην]

126 2169 223 2257 ῆχθω
246 2169 310 2257 γὰρ
334 2169 401 2238 ἀπὸ
425 2174 487 2237 τοῦ
513 2177 546 2236 Δ
575 2169 787 2256 ἐφαπτομένη
814 2172 874 2254 τῆς
896 2173 1000 2256 τομῆς
1026 2168 1050 2259 ῆ
1076 2180 1147 2257 ΔΑ,

126 2285 182 2351 καὶ
207 2287 439 2371 ἐπιζευχθεῖσα
462 2284 483 2371 ἡ
503 2264 571 2352 B'A
593 2284 736 2370 τεμνέτω
759 2283 822 2370 τῆν
841 2289 914 2370 ΕΓ,
937 2288 969 2351 εί
987 2288 1146 2373 δυνατόν,

128 2398 173 2485 μὴ
198 2398 281 2467 κατὰ
300 2403 338 2467 τὸ
355 2408 393 2484 Ζ,
418 2399 503 2468 ἀλλὰ
521 2398 604 2467 κατὰ
628 2403 666 2466 τὸ
680 2406 723 2468 Η.
762 2400 831 2468 ἐπεὶ
855 2393 918 2468 οὖν
942 2399 1145 2486 ἐφάπτονται

74 2531 109 2580 20
128 2518 166 2582 αι’
182 2522 257 2602 ΒΔ,
273 2524 349 2602 ΔΑ,
373 2517 429 2583 καί
448 2515 501 2583 ἐπὶ
518 2513 577 2594 τὰς
596 2510 685 2601 ἁφάς
700 2516 790 2583 ἐστιν
808 2513 829 2600 ἡ
844 2520 921 2600 ΒΑ,
940 2515 996 2582 καὶ
1015 2519 1144 2605 διῆκται

128 2628 149 2716 ῆ
169 2636 232 2698 ΓΔ
254 2633 422 2719 τέμνουσα
445 2629 508 2717 τῆν
532 2630 593 2717 μὲν
616 2628 721 2716 τομὴν
744 2628 827 2696 κατὰ
848 2628 890 2696 τὰ
909 2635 948 2716 Γ,
964 2637 1003 2717 Ε,
1026 2632 1092 2720 τῆν
1110 2633 1145 2701 δὲ

128 2754 194 2815 ΑΒ
221 2747 304 2814 κατὰ
331 2752 368 2816 τὸ
395 2753 446 2832 Η,
480 2752 571 2814 ἔσται
599 2742 645 2826 ὡς
671 2743 692 2832 ῆ
721 2750 784 2813 ΓΔ
811 2749 894 2830 πρὸς
917 2753 1001 2832 ΔΕ,
1033 2746 1148 2835 ῆΓΗ

127 2866 212 2947 πρὸς
239 2869 323 2929 ΗΕ·
361 2862 443 2948 ὅπερ
471 2859 611 2929 ἄτοπον·
648 2859 819 2930 ὑπόκειται
848 2859 927 2946 γάρ,
960 2858 1006 2941 ὡς
1034 2860 1057 2950 ῆ
1086 2871 1145 2932 ΓΔ

127 2981 209 3063 πρὸς
239 2984 322 3063 ΔΕ,
355 2974 376 3063 ἡ
403 2982 465 3044 ΓΖ
497 2981 581 3064 πρὸς
609 2984 680 3046 ΖΕ.
731 2974 794 3044 οὐκ
821 2974 887 3062 ἄρα
914 2972 935 3062 ῆ
964 2984 1032 3046 ΒΑ
1064 2975 1141 3048 καθ’

74 3106 108 3154 25
128 3093 242 3177 ἕτερον
265 3107 404 3180 σημεῖον
427 3095 538 3179 τέμνει
562 3094 626 3181 τῆν
648 3099 727 3161 ΓΕ·
750 3090 833 3160 κατὰ
856 3096 894 3161 τὸ
919 3099 947 3158 Ζ
970 3094 1047 3181 ἄρα.

200 3398 225 3447 5.
246 3388 425 3466 έφοὶφεταιμ
444 3398 474 3450 et
487 3394 597 3466 Halley.
670 3401 695 3452 6.
714 3390 745 3465 ἥ]
765 3413 793 3464 p,
812 3389 829 3463 ῆ
848 3394 883 3449 V.
958 3400 999 3450 16,
1019 3392 1143 3466 ἔφαπτο-

128 3461 199 3533 μὲνη
219 3481 237 3517 v
256 3468 286 3518 et
304 3482 393 3536 comp.
413 3466 499 3523 dubio
519 3468 556 3533 V3
576 3483 647 3522 corr.
665 3482 713 3537 pc.
791 3471 834 3521 21.
854 3461 902 3537 τά]
922 3463 953 3520 τό
973 3467 1007 3535 Γ,
1027 3483 1097 3524 corr.
1115 3486 1141 3539 p.

60 3568 64 3575 -
163 3541 206 3591 23.
226 3536 301 3606 HE]
322 3540 350 3589 H
356 3543 375 3590 B
395 3537 453 3608 Vp,
472 3555 541 3595 corr.
561 3538 678 3593 Memus.
