<?xml version="1.0" encoding="UTF-8"?>
<!DOCTYPE html PUBLIC "-//W3C//DTD XHTML 1.0 Transitional//EN"
    "http://www.w3.org/TR/xhtml1/DTD/xhtml1-transitional.dtd">
<html xmlns="http://www.w3.org/1999/xhtml" xml:lang="en" lang="en">
 <head>
  <title>
</title>
<meta http-equiv="Content-Type" content="text/html;charset=utf-8" />
  <meta name='ocr-system' content='tesseract 3.04.00' />
  <meta name='ocr-capabilities' content='ocr_page ocr_carea ocr_par ocr_line ocrx_word'/>
</head>
<body>
  <div class='ocr_page' id='page_1' title='image "./apolloniipergae01apolgoog_0133.png"; bbox 0 0 2444 3892; ppageno 0'>
   <div class='ocr_carea' id='block_1_1' title="bbox 412 149 1120 216">
    <p class='ocr_par' dir='ltr' id='par_1_1' title="bbox 412 149 1120 216">
     <span class='ocr_line' id='line_1_1' title="bbox 412 149 1120 216; baseline 0.003 -14"><span class='ocrx_word' id='word_1_1' title='bbox 412 150 626 203; x_wconf 80' lang='lat' dir='ltr'>CONIOORUM</span> <span class='ocrx_word' id='word_1_2' title='bbox 643 152 753 205; x_wconf 80' lang='lat' dir='ltr'><strong>LIBER</strong></span> <span class='ocrx_word' id='word_1_3' title='bbox 770 153 818 207; x_wconf 89' lang='lat' dir='ltr'>IV.</span> <span class='ocrx_word' id='word_1_4' title='bbox 1075 149 1120 216; x_wconf 82' lang='lat'>43</span> 
     </span>
    </p>
   </div>
   <div class='ocr_carea' id='block_1_2' title="bbox 106 291 1122 608">
    <p class='ocr_par' dir='ltr' id='par_1_2' title="bbox 106 291 1122 608">
     <span class='ocr_line' id='line_1_2' title="bbox 107 291 1122 380; baseline 0.005 -23"><span class='ocrx_word' id='word_1_5' title='bbox 107 296 198 358; x_wconf 88' lang='lat' dir='ltr'>terea</span> <span class='ocrx_word' id='word_1_6' title='bbox 222 293 283 358; x_wconf 90' lang='lat' dir='ltr'>erit</span> <span class='ocrx_word' id='word_1_7' title='bbox 308 293 337 375; x_wconf 90' lang='lat' dir='ltr'>[I</span> <span class='ocrx_word' id='word_1_8' title='bbox 355 293 415 359; x_wconf 85' lang='lat' dir='ltr'>def.</span> <span class='ocrx_word' id='word_1_9' title='bbox 428 293 463 375; x_wconf 88' lang='lat'>4]</span> <span class='ocrx_word' id='word_1_10' title='bbox 484 293 520 358; x_wconf 94' lang='lat' dir='ltr'>in</span> <span class='ocrx_word' id='word_1_11' title='bbox 543 291 647 358; x_wconf 84' lang='lat' dir='ltr'>altera</span> <span class='ocrx_word' id='word_1_12' title='bbox 669 293 811 360; x_wconf 73' lang='lat' dir='ltr'><strong>sectione</strong></span> <span class='ocrx_word' id='word_1_13' title='bbox 834 298 919 361; x_wconf 90' lang='grc' dir='ltr'>ΝΜ</span> <span class='ocrx_word' id='word_1_14' title='bbox 928 324 970 350; x_wconf 82' lang='lat'>=</span> <span class='ocrx_word' id='word_1_15' title='bbox 985 298 1063 380; x_wconf 84' lang='grc' dir='ltr'>ΕΝ,</span> <span class='ocrx_word' id='word_1_16' title='bbox 1086 296 1122 361; x_wconf 95' lang='lat' dir='ltr'>in</span> 
     </span>
     <span class='ocr_line' id='line_1_3' title="bbox 108 406 1120 497; baseline 0.005 -25"><span class='ocrx_word' id='word_1_17' title='bbox 108 406 212 473; x_wconf 89' lang='lat' dir='ltr'>altera</span> <span class='ocrx_word' id='word_1_18' title='bbox 238 411 311 474; x_wconf 84' lang='lat' dir='ltr'>NE</span> <span class='ocrx_word' id='word_1_19' title='bbox 326 437 368 462; x_wconf 83' lang='lat'><em>=</em></span> <span class='ocrx_word' id='word_1_20' title='bbox 382 412 469 496; x_wconf 88' lang='lat' dir='ltr'>NH;</span> <span class='ocrx_word' id='word_1_21' title='bbox 502 428 602 494; x_wconf 91' lang='lat' dir='ltr'>quare</span> <span class='ocrx_word' id='word_1_22' title='bbox 636 407 734 473; x_wconf 88' lang='lat' dir='ltr'>etiam</span> <span class='ocrx_word' id='word_1_23' title='bbox 761 411 846 474; x_wconf 90' lang='lat' dir='ltr'>NM</span> <span class='ocrx_word' id='word_1_24' title='bbox 858 439 900 465; x_wconf 72' lang='grc' dir='ltr'>-ι</span> <span class='ocrx_word' id='word_1_25' title='bbox 914 414 1001 496; x_wconf 80' lang='grc' dir='ltr'>ΝΗ;</span> <span class='ocrx_word' id='word_1_26' title='bbox 1035 411 1120 497; x_wconf 90' lang='lat' dir='ltr'>quod</span> 
     </span>
     <span class='ocr_line' id='line_1_4' title="bbox 106 523 405 608; baseline 0.01 -22"><span class='ocrx_word' id='word_1_27' title='bbox 106 523 176 587; x_wconf 90' lang='lat' dir='ltr'>fieri</span> <span class='ocrx_word' id='word_1_28' title='bbox 199 545 266 589; x_wconf 94' lang='lat' dir='ltr'>non</span> <span class='ocrx_word' id='word_1_29' title='bbox 289 526 405 608; x_wconf 87' lang='lat' dir='ltr'>potest.</span> 
     </span>
    </p>
   </div>
   <div class='ocr_carea' id='block_1_3' title="bbox 556 689 676 756">
    <p class='ocr_par' dir='ltr' id='par_1_3' title="bbox 556 689 676 756">
     <span class='ocr_line' id='line_1_5' title="bbox 556 689 676 756; baseline 0.017 -2"><span class='ocrx_word' id='word_1_30' title='bbox 556 689 676 756; x_wconf 86' lang='lat' dir='ltr'>XXVI.</span> 
     </span>
    </p>
   </div>
   <div class='ocr_carea' id='block_1_4' title="bbox 103 830 1121 1837">
    <p class='ocr_par' dir='ltr' id='par_1_4' title="bbox 105 830 1120 1146">
     <span class='ocr_line' id='line_1_6' title="bbox 174 830 1118 917; baseline 0.003 -19"><span class='ocrx_word' id='word_1_31' title='bbox 174 831 208 898; x_wconf 80' lang='lat' dir='ltr'>si</span> <span class='ocrx_word' id='word_1_32' title='bbox 232 854 315 917; x_wconf 88' lang='lat' dir='ltr'>quae</span> <span class='ocrx_word' id='word_1_33' title='bbox 338 833 513 916; x_wconf 88' lang='lat' dir='ltr'>linearum,</span> <span class='ocrx_word' id='word_1_34' title='bbox 541 853 621 916; x_wconf 90' lang='lat' dir='ltr'>quas</span> <span class='ocrx_word' id='word_1_35' title='bbox 646 830 799 916; x_wconf 84' lang='lat' dir='ltr'>diximus,</span> <span class='ocrx_word' id='word_1_36' title='bbox 826 831 912 896; x_wconf 88' lang='lat' dir='ltr'>inter</span> <span class='ocrx_word' id='word_1_37' title='bbox 940 854 975 898; x_wconf 92' lang='lat' dir='ltr'>se</span> <span class='ocrx_word' id='word_1_38' title='bbox 997 833 1033 898; x_wconf 93' lang='lat' dir='ltr'>in</span> <span class='ocrx_word' id='word_1_39' title='bbox 1054 857 1118 901; x_wconf 93' lang='lat' dir='ltr'>uno</span> 
     </span>
     <span class='ocr_line' id='line_1_7' title="bbox 106 946 1120 1032; baseline 0.002 -20"><span class='ocrx_word' id='word_1_40' title='bbox 106 950 228 1032; x_wconf 89' lang='lat' dir='ltr'>puncto</span> <span class='ocrx_word' id='word_1_41' title='bbox 257 948 463 1031; x_wconf 81' lang='lat' dir='ltr'>contingunt,</span> <span class='ocrx_word' id='word_1_42' title='bbox 494 968 562 1012; x_wconf 95' lang='lat' dir='ltr'>non</span> <span class='ocrx_word' id='word_1_43' title='bbox 590 950 783 1012; x_wconf 87' lang='lat' dir='ltr'>concurrunt</span> <span class='ocrx_word' id='word_1_44' title='bbox 810 946 897 1012; x_wconf 91' lang='lat' dir='ltr'>inter</span> <span class='ocrx_word' id='word_1_45' title='bbox 925 968 959 1012; x_wconf 89' lang='lat' dir='ltr'>se</span> <span class='ocrx_word' id='word_1_46' title='bbox 987 947 1021 1011; x_wconf 92' lang='lat' dir='ltr'>in</span> <span class='ocrx_word' id='word_1_47' title='bbox 1048 948 1120 1015; x_wconf 87' lang='lat' dir='ltr'>aliis</span> 
     </span>
     <span class='ocr_line' id='line_1_8' title="bbox 105 1061 683 1146; baseline -0.002 -20"><span class='ocrx_word' id='word_1_48' title='bbox 105 1063 235 1146; x_wconf 88' lang='lat' dir='ltr'>punctis</span> <span class='ocrx_word' id='word_1_49' title='bbox 257 1061 404 1146; x_wconf 91' lang='lat' dir='ltr'>pluribus</span> <span class='ocrx_word' id='word_1_50' title='bbox 429 1082 525 1145; x_wconf 91' lang='lat' dir='ltr'>quam</span> <span class='ocrx_word' id='word_1_51' title='bbox 549 1061 683 1127; x_wconf 87' lang='lat' dir='ltr'>duobus.</span> 
     </span>
    </p>

    <p class='ocr_par' dir='ltr' id='par_1_5' title="bbox 104 1175 1121 1490">
     <span class='ocr_line' id='line_1_9' title="bbox 173 1175 1121 1260; baseline 0.004 -21"><span class='ocrx_word' id='word_1_52' title='bbox 173 1198 249 1240; x_wconf 92' lang='lat' dir='ltr'>nam</span> <span class='ocrx_word' id='word_1_53' title='bbox 273 1175 354 1240; x_wconf 82' lang='lat' dir='ltr'>duae</span> <span class='ocrx_word' id='word_1_54' title='bbox 373 1175 501 1260; x_wconf 78' lang='lat' dir='ltr'>aliquae</span> <span class='ocrx_word' id='word_1_55' title='bbox 519 1175 686 1260; x_wconf 86' lang='lat' dir='ltr'>linearum,</span> <span class='ocrx_word' id='word_1_56' title='bbox 711 1196 791 1259; x_wconf 87' lang='lat' dir='ltr'>quas</span> <span class='ocrx_word' id='word_1_57' title='bbox 811 1175 961 1260; x_wconf 82' lang='lat' dir='ltr'>diximus,</span> <span class='ocrx_word' id='word_1_58' title='bbox 984 1176 1068 1241; x_wconf 91' lang='lat' dir='ltr'>inter</span> <span class='ocrx_word' id='word_1_59' title='bbox 1087 1198 1121 1243; x_wconf 90' lang='lat' dir='ltr'>se</span> 
     </span>
     <span class='ocr_line' id='line_1_10' title="bbox 105 1290 1121 1376; baseline 0.004 -22"><span class='ocrx_word' id='word_1_60' title='bbox 105 1290 299 1376; x_wconf 82' lang='lat' dir='ltr'>contingant</span> <span class='ocrx_word' id='word_1_61' title='bbox 321 1291 355 1354; x_wconf 97' lang='lat' dir='ltr'>in</span> <span class='ocrx_word' id='word_1_62' title='bbox 377 1293 499 1376; x_wconf 89' lang='lat' dir='ltr'>puncto</span> <span class='ocrx_word' id='word_1_63' title='bbox 522 1297 561 1355; x_wconf 92' lang='lat' dir='ltr'>A.</span> <span class='ocrx_word' id='word_1_64' title='bbox 600 1291 680 1376; x_wconf 89' lang='lat' dir='ltr'>dico,</span> <span class='ocrx_word' id='word_1_65' title='bbox 704 1312 758 1356; x_wconf 88' lang='lat' dir='ltr'>eas</span> <span class='ocrx_word' id='word_1_66' title='bbox 781 1313 849 1357; x_wconf 91' lang='lat' dir='ltr'>non</span> <span class='ocrx_word' id='word_1_67' title='bbox 872 1314 1063 1358; x_wconf 83' lang='lat' dir='ltr'>concurrere</span> <span class='ocrx_word' id='word_1_68' title='bbox 1086 1292 1121 1358; x_wconf 92' lang='lat' dir='ltr'>in</span> 
     </span>
     <span class='ocr_line' id='line_1_11' title="bbox 104 1405 780 1490; baseline 0.006 -22"><span class='ocrx_word' id='word_1_69' title='bbox 104 1405 178 1469; x_wconf 88' lang='lat' dir='ltr'>aliis</span> <span class='ocrx_word' id='word_1_70' title='bbox 201 1405 330 1489; x_wconf 89' lang='lat' dir='ltr'>punctis</span> <span class='ocrx_word' id='word_1_71' title='bbox 353 1406 500 1490; x_wconf 91' lang='lat' dir='ltr'>pluribus</span> <span class='ocrx_word' id='word_1_72' title='bbox 524 1427 622 1490; x_wconf 88' lang='lat' dir='ltr'>quam</span> <span class='ocrx_word' id='word_1_73' title='bbox 646 1407 780 1472; x_wconf 87' lang='lat' dir='ltr'>duobus.</span> 
     </span>
    </p>

    <p class='ocr_par' dir='ltr' id='par_1_6' title="bbox 103 1521 1120 1837">
     <span class='ocr_line' id='line_1_12' title="bbox 170 1521 1120 1610; baseline 0.006 -27"><span class='ocrx_word' id='word_1_74' title='bbox 170 1542 246 1585; x_wconf 88' lang='lat' dir='ltr'>nam</span> <span class='ocrx_word' id='word_1_75' title='bbox 277 1521 303 1587; x_wconf 91' lang='lat' dir='ltr'>si</span> <span class='ocrx_word' id='word_1_76' title='bbox 332 1521 403 1586; x_wconf 89' lang='lat' dir='ltr'>fieri</span> <span class='ocrx_word' id='word_1_77' title='bbox 429 1523 551 1606; x_wconf 88' lang='lat' dir='ltr'>potest,</span> <span class='ocrx_word' id='word_1_78' title='bbox 583 1526 777 1587; x_wconf 72' lang='lat' dir='ltr'>concurrant</span> <span class='ocrx_word' id='word_1_79' title='bbox 808 1523 842 1588; x_wconf 91' lang='lat' dir='ltr'>in</span> <span class='ocrx_word' id='word_1_80' title='bbox 874 1527 919 1605; x_wconf 86' lang='grc' dir='ltr'>Β,</span> <span class='ocrx_word' id='word_1_81' title='bbox 944 1526 985 1610; x_wconf 84' lang='grc' dir='ltr'>Γ,</span> <span class='ocrx_word' id='word_1_82' title='bbox 1007 1529 1054 1609; x_wconf 78' lang='grc' dir='ltr'>Δ,</span> <span class='ocrx_word' id='word_1_83' title='bbox 1087 1527 1120 1589; x_wconf 89' lang='lat' dir='ltr'>et</span> 
     </span>
     <span class='ocr_line' id='line_1_13' title="bbox 103 1636 1118 1721; baseline 0.007 -23"><span class='ocrx_word' id='word_1_84' title='bbox 103 1639 225 1718; x_wconf 90' lang='lat' dir='ltr'>puncta</span> <span class='ocrx_word' id='word_1_85' title='bbox 248 1657 419 1702; x_wconf 81' lang='lat' dir='ltr'>concursus</span> <span class='ocrx_word' id='word_1_86' title='bbox 443 1636 592 1720; x_wconf 77' lang='lat' dir='ltr'>deinceps</span> <span class='ocrx_word' id='word_1_87' title='bbox 617 1637 683 1703; x_wconf 90' lang='lat' dir='ltr'>sint</span> <span class='ocrx_word' id='word_1_88' title='bbox 705 1639 814 1721; x_wconf 89' lang='lat' dir='ltr'>posita</span> <span class='ocrx_word' id='word_1_89' title='bbox 833 1639 961 1704; x_wconf 90' lang='lat' dir='ltr'>nullum</span> <span class='ocrx_word' id='word_1_90' title='bbox 979 1641 1065 1705; x_wconf 85' lang='lat' dir='ltr'>inter</span> <span class='ocrx_word' id='word_1_91' title='bbox 1084 1661 1118 1705; x_wconf 91' lang='lat' dir='ltr'>se</span> 
     </span>
     <span class='ocr_line' id='line_1_14' title="bbox 104 1750 1118 1837; baseline 0.009 -24"><span class='ocrx_word' id='word_1_92' title='bbox 104 1751 408 1836; x_wconf 87' lang='lat' dir='ltr'>praetermittentia,</span> <span class='ocrx_word' id='word_1_93' title='bbox 431 1750 629 1836; x_wconf 77' lang='lat' dir='ltr'>duceturque</span> <span class='ocrx_word' id='word_1_94' title='bbox 652 1754 719 1817; x_wconf 89' lang='grc' dir='ltr'>ΒΓ</span> <span class='ocrx_word' id='word_1_95' title='bbox 737 1756 770 1817; x_wconf 88' lang='lat' dir='ltr'>et</span> <span class='ocrx_word' id='word_1_96' title='bbox 792 1754 997 1837; x_wconf 80' lang='lat' dir='ltr'>producatur,</span> <span class='ocrx_word' id='word_1_97' title='bbox 1021 1756 1062 1822; x_wconf 91' lang='lat' dir='ltr'>ab</span> <span class='ocrx_word' id='word_1_98' title='bbox 1086 1760 1118 1821; x_wconf 91' lang='lat' dir='ltr'><em>A</em></span> 
     </span>
    </p>
   </div>
   <div class='ocr_carea' id='block_1_5' title="bbox 104 1862 1146 1967">
    <p class='ocr_par' dir='ltr' id='par_1_7' title="bbox 104 1862 1146 1967">
     <span class='ocr_line' id='line_1_15' title="bbox 104 1862 1146 1967; baseline 0.004 -37"><span class='ocrx_word' id='word_1_99' title='bbox 104 1869 215 1930; x_wconf 88' lang='lat' dir='ltr'>autem</span> <span class='ocrx_word' id='word_1_100' title='bbox 238 1865 430 1950; x_wconf 84' lang='lat' dir='ltr'>contingens</span> <span class='ocrx_word' id='word_1_101' title='bbox 455 1866 591 1932; x_wconf 90' lang='lat' dir='ltr'>ducatur</span> <span class='ocrx_word' id='word_1_102' title='bbox 609 1862 692 1951; x_wconf 70' lang='lat' dir='ltr'>An,</span> <span class='ocrx_word' id='word_1_103' title='bbox 716 1888 755 1930; x_wconf 90' lang='lat' dir='ltr'>ea</span> <span class='ocrx_word' id='word_1_104' title='bbox 776 1868 878 1952; x_wconf 85' lang='lat' dir='ltr'>igitur</span> <span class='ocrx_word' id='word_1_105' title='bbox 901 1868 980 1934; x_wconf 88' lang='lat' dir='ltr'>duas</span> <span class='ocrx_word' id='word_1_106' title='bbox 1005 1871 1117 1935; x_wconf 88' lang='lat' dir='ltr'>sectio·</span> <span class='ocrx_word' id='word_1_107' title='bbox 1143 1958 1146 1967; x_wconf 22' lang='grc' dir='ltr'>ι</span> 
     </span>
    </p>
   </div>
   <div class='ocr_carea' id='block_1_6' title="bbox 100 1981 1119 3542">
    <p class='ocr_par' dir='ltr' id='par_1_8' title="bbox 100 1981 1119 3102">
     <span class='ocr_line' id='line_1_16' title="bbox 104 1981 1119 2068; baseline 0.002 -23"><span class='ocrx_word' id='word_1_108' title='bbox 104 2003 161 2046; x_wconf 93' lang='lat' dir='ltr'>nes</span> <span class='ocrx_word' id='word_1_109' title='bbox 185 1981 352 2066; x_wconf 81' lang='lat' dir='ltr'>continget</span> <span class='ocrx_word' id='word_1_110' title='bbox 376 1984 504 2046; x_wconf 90' lang='lat' dir='ltr'>etcum</span> <span class='ocrx_word' id='word_1_111' title='bbox 523 1984 585 2047; x_wconf 89' lang='grc' dir='ltr'>ΓΒ</span> <span class='ocrx_word' id='word_1_112' title='bbox 609 1983 786 2044; x_wconf 90' lang='lat' dir='ltr'>concurret.</span> <span class='ocrx_word' id='word_1_113' title='bbox 828 1985 999 2048; x_wconf 79' lang='lat' dir='ltr'>concurrat</span> <span class='ocrx_word' id='word_1_114' title='bbox 1020 1983 1056 2047; x_wconf 92' lang='lat' dir='ltr'>in</span> <span class='ocrx_word' id='word_1_115' title='bbox 1079 1987 1119 2068; x_wconf 79' lang='grc' dir='ltr'>Λ,</span> 
     </span>
     <span class='ocr_line' id='line_1_17' title="bbox 103 2092 1118 2182; baseline 0.002 -22"><span class='ocrx_word' id='word_1_116' title='bbox 103 2100 137 2160; x_wconf 88' lang='lat' dir='ltr'>et</span> <span class='ocrx_word' id='word_1_117' title='bbox 159 2097 218 2161; x_wconf 89' lang='lat' dir='ltr'>fiat</span> <span class='ocrx_word' id='word_1_118' title='bbox 241 2098 300 2159; x_wconf 89' lang='grc' dir='ltr'>ΓΛ</span> <span class='ocrx_word' id='word_1_119' title='bbox 314 2118 321 2159; x_wconf 90' lang='lat'><strong>:</strong></span> <span class='ocrx_word' id='word_1_120' title='bbox 336 2098 401 2159; x_wconf 88' lang='lat' dir='ltr'>AB</span> <span class='ocrx_word' id='word_1_121' title='bbox 417 2125 459 2148; x_wconf 87' lang='lat'><em>=</em></span> <span class='ocrx_word' id='word_1_122' title='bbox 474 2098 541 2159; x_wconf 83' lang='lat' dir='ltr'>PH</span> <span class='ocrx_word' id='word_1_123' title='bbox 554 2117 562 2159; x_wconf 74' lang='grc' dir='ltr'><strong>ι</strong></span> <span class='ocrx_word' id='word_1_124' title='bbox 577 2098 615 2157; x_wconf 94' lang='grc' dir='ltr'><em>Π</em></span> <span class='ocrx_word' id='word_1_125' title='bbox 617 2097 655 2179; x_wconf 85' lang='grc' dir='ltr'>Β,</span> <span class='ocrx_word' id='word_1_126' title='bbox 678 2092 875 2178; x_wconf 85' lang='lat' dir='ltr'>duceturque</span> <span class='ocrx_word' id='word_1_127' title='bbox 898 2100 974 2160; x_wconf 86' lang='grc' dir='ltr'>ΛΠ</span> <span class='ocrx_word' id='word_1_128' title='bbox 993 2100 1026 2161; x_wconf 88' lang='lat' dir='ltr'>ot</span> <span class='ocrx_word' id='word_1_129' title='bbox 1044 2119 1118 2182; x_wconf 93' lang='lat' dir='ltr'>pro-</span> 
     </span>
     <span class='ocr_line' id='line_1_18' title="bbox 105 2205 1118 2295; baseline 0.004 -21"><span class='ocrx_word' id='word_1_130' title='bbox 105 2211 254 2295; x_wconf 88' lang='lat' dir='ltr'>ducatur;</span> <span class='ocrx_word' id='word_1_131' title='bbox 278 2214 447 2275; x_wconf 88' lang='lat' dir='ltr'>concurret</span> <span class='ocrx_word' id='word_1_132' title='bbox 469 2209 570 2293; x_wconf 83' lang='lat' dir='ltr'>igitur</span> <span class='ocrx_word' id='word_1_133' title='bbox 593 2231 666 2274; x_wconf 91' lang='lat' dir='ltr'>cum</span> <span class='ocrx_word' id='word_1_134' title='bbox 690 2208 895 2293; x_wconf 89' lang='lat' dir='ltr'>sectionibus,</span> <span class='ocrx_word' id='word_1_135' title='bbox 918 2205 951 2275; x_wconf 86' lang='lat' dir='ltr'>et</span> <span class='ocrx_word' id='word_1_136' title='bbox 973 2214 1079 2276; x_wconf 90' lang='lat' dir='ltr'>rectae</span> <span class='ocrx_word' id='word_1_137' title='bbox 1099 2234 1118 2278; x_wconf 90' lang='lat' dir='ltr'>a</span> 
     </span>
     <span class='ocr_line' id='line_1_19' title="bbox 102 2324 1117 2412; baseline 0.004 -23"><span class='ocrx_word' id='word_1_138' title='bbox 102 2325 232 2411; x_wconf 89' lang='lat' dir='ltr'>punctis</span> <span class='ocrx_word' id='word_1_139' title='bbox 264 2346 438 2390; x_wconf 84' lang='lat' dir='ltr'>concursus</span> <span class='ocrx_word' id='word_1_140' title='bbox 468 2325 506 2388; x_wconf 91' lang='lat' dir='ltr'>ad</span> <span class='ocrx_word' id='word_1_141' title='bbox 536 2329 567 2389; x_wconf 89' lang='grc' dir='ltr'><em>Λ</em></span> <span class='ocrx_word' id='word_1_142' title='bbox 595 2326 709 2391; x_wconf 85' lang='lat' dir='ltr'>ductae</span> <span class='ocrx_word' id='word_1_143' title='bbox 739 2324 898 2390; x_wconf 86' lang='lat' dir='ltr'>sectiones</span> <span class='ocrx_word' id='word_1_144' title='bbox 926 2327 1117 2412; x_wconf 81' lang='lat' dir='ltr'>contingent</span> 
     </span>
     <span class='ocr_line' id='line_1_20' title="bbox 103 2438 1116 2526; baseline 0.004 -22"><span class='ocrx_word' id='word_1_145' title='bbox 103 2441 209 2526; x_wconf 88' lang='lat' dir='ltr'>[prop.</span> <span class='ocrx_word' id='word_1_146' title='bbox 229 2438 270 2522; x_wconf 90' lang='lat' dir='ltr'>I].</span> <span class='ocrx_word' id='word_1_147' title='bbox 306 2439 503 2525; x_wconf 90' lang='lat' dir='ltr'>producatur</span> <span class='ocrx_word' id='word_1_148' title='bbox 527 2444 560 2504; x_wconf 92' lang='lat' dir='ltr'>et</span> <span class='ocrx_word' id='word_1_149' title='bbox 582 2441 617 2504; x_wconf 90' lang='lat' dir='ltr'>in</span> <span class='ocrx_word' id='word_1_150' title='bbox 640 2444 677 2524; x_wconf 80' lang='grc' dir='ltr'>Θ,</span> <span class='ocrx_word' id='word_1_151' title='bbox 696 2444 726 2503; x_wconf 92' lang='grc' dir='ltr'><strong><em>Ρ</em></strong></span> <span class='ocrx_word' id='word_1_152' title='bbox 746 2443 922 2524; x_wconf 84' lang='lat' dir='ltr'>concurrat,</span> <span class='ocrx_word' id='word_1_153' title='bbox 947 2441 1116 2508; x_wconf 90' lang='lat' dir='ltr'>ducantur·</span> 
     </span>
     <span class='ocr_line' id='line_1_21' title="bbox 102 2554 1116 2641; baseline 0.002 -21"><span class='ocrx_word' id='word_1_154' title='bbox 102 2577 164 2640; x_wconf 92' lang='lat' dir='ltr'>que</span> <span class='ocrx_word' id='word_1_155' title='bbox 188 2559 262 2639; x_wconf 80' lang='grc' dir='ltr'>ΘΛ,</span> <span class='ocrx_word' id='word_1_156' title='bbox 280 2557 355 2639; x_wconf 79' lang='grc' dir='ltr'>ΛΡ;</span> <span class='ocrx_word' id='word_1_157' title='bbox 381 2576 436 2620; x_wconf 86' lang='lat' dir='ltr'>eae</span> <span class='ocrx_word' id='word_1_158' title='bbox 459 2554 560 2639; x_wconf 82' lang='lat' dir='ltr'>igitur</span> <span class='ocrx_word' id='word_1_159' title='bbox 584 2555 743 2620; x_wconf 84' lang='lat' dir='ltr'>sectiones</span> <span class='ocrx_word' id='word_1_160' title='bbox 767 2555 964 2641; x_wconf 81' lang='lat' dir='ltr'>contingent.</span> <span class='ocrx_word' id='word_1_161' title='bbox 1006 2556 1116 2641; x_wconf 89' lang='lat' dir='ltr'>itaque</span> 
     </span>
     <span class='ocr_line' id='line_1_22' title="bbox 101 2669 1117 2754; baseline 0.001 -18"><span class='ocrx_word' id='word_1_162' title='bbox 101 2674 191 2737; x_wconf 89' lang='lat' dir='ltr'>recta</span> <span class='ocrx_word' id='word_1_163' title='bbox 218 2693 237 2735; x_wconf 86' lang='lat' dir='ltr'>a</span> <span class='ocrx_word' id='word_1_164' title='bbox 261 2676 293 2734; x_wconf 87' lang='lat' dir='ltr'><em>A</em></span> <span class='ocrx_word' id='word_1_165' title='bbox 321 2670 361 2735; x_wconf 89' lang='lat' dir='ltr'>ad</span> <span class='ocrx_word' id='word_1_166' title='bbox 384 2673 415 2734; x_wconf 83' lang='lat' dir='ltr'><em>A</em></span> <span class='ocrx_word' id='word_1_167' title='bbox 444 2669 540 2735; x_wconf 89' lang='lat' dir='ltr'>ducta</span> <span class='ocrx_word' id='word_1_168' title='bbox 562 2674 732 2754; x_wconf 90' lang='lat' dir='ltr'>utramque</span> <span class='ocrx_word' id='word_1_169' title='bbox 757 2671 932 2736; x_wconf 88' lang='lat' dir='ltr'>sectionem</span> <span class='ocrx_word' id='word_1_170' title='bbox 956 2673 1057 2754; x_wconf 78' lang='lat' dir='ltr'>secat,</span> <span class='ocrx_word' id='word_1_171' title='bbox 1085 2675 1117 2737; x_wconf 86' lang='lat' dir='ltr'>et</span> 
     </span>
     <span class='ocr_line' id='line_1_23' title="bbox 102 2784 1117 2871; baseline 0 -20"><span class='ocrx_word' id='word_1_172' title='bbox 102 2786 228 2871; x_wconf 88' lang='lat' dir='ltr'>eadem,</span> <span class='ocrx_word' id='word_1_173' title='bbox 266 2808 347 2870; x_wconf 88' lang='lat' dir='ltr'>quae</span> <span class='ocrx_word' id='word_1_174' title='bbox 381 2788 477 2851; x_wconf 86' lang='lat' dir='ltr'>antea</span> <span class='ocrx_word' id='word_1_175' title='bbox 508 2787 615 2870; x_wconf 88' lang='lat' dir='ltr'>[prop.</span> <span class='ocrx_word' id='word_1_176' title='bbox 646 2784 755 2868; x_wconf 90' lang='lat' dir='ltr'><strong>XXV]</strong></span> <span class='ocrx_word' id='word_1_177' title='bbox 789 2785 940 2870; x_wconf 88' lang='lat' dir='ltr'>diximus,</span> <span class='ocrx_word' id='word_1_178' title='bbox 977 2785 1117 2852; x_wconf 90' lang='lat' dir='ltr'>absurda</span> 
     </span>
     <span class='ocr_line' id='line_1_24' title="bbox 102 2900 1116 2986; baseline 0 -20"><span class='ocrx_word' id='word_1_179' title='bbox 102 2901 253 2967; x_wconf 90' lang='lat' dir='ltr'>euenient</span> <span class='ocrx_word' id='word_1_180' title='bbox 273 2900 343 2986; x_wconf 88' lang='lat'>[111,</span> <span class='ocrx_word' id='word_1_181' title='bbox 363 2901 431 2981; x_wconf 79' lang='grc'><strong>37].</strong></span> <span class='ocrx_word' id='word_1_182' title='bbox 464 2921 540 2985; x_wconf 81' lang='lat' dir='ltr'>ergo</span> <span class='ocrx_word' id='word_1_183' title='bbox 559 2922 626 2965; x_wconf 92' lang='lat' dir='ltr'>non</span> <span class='ocrx_word' id='word_1_184' title='bbox 645 2905 756 2966; x_wconf 87' lang='lat' dir='ltr'>secant</span> <span class='ocrx_word' id='word_1_185' title='bbox 772 2901 858 2966; x_wconf 89' lang='lat' dir='ltr'>inter</span> <span class='ocrx_word' id='word_1_186' title='bbox 873 2923 906 2965; x_wconf 93' lang='lat' dir='ltr'>se</span> <span class='ocrx_word' id='word_1_187' title='bbox 920 2901 955 2965; x_wconf 89' lang='lat' dir='ltr'>in</span> <span class='ocrx_word' id='word_1_188' title='bbox 969 2900 1116 2985; x_wconf 89' lang='lat' dir='ltr'>pluribus</span> 
     </span>
     <span class='ocr_line' id='line_1_25' title="bbox 100 3015 512 3102; baseline -0.002 -21"><span class='ocrx_word' id='word_1_189' title='bbox 100 3017 232 3102; x_wconf 88' lang='lat' dir='ltr'>punctis</span> <span class='ocrx_word' id='word_1_190' title='bbox 256 3037 354 3100; x_wconf 89' lang='lat' dir='ltr'>quam</span> <span class='ocrx_word' id='word_1_191' title='bbox 377 3015 512 3080; x_wconf 92' lang='lat' dir='ltr'>duobus.</span> 
     </span>
    </p>

    <p class='ocr_par' dir='ltr' id='par_1_9' title="bbox 100 3130 1115 3542">
     <span class='ocr_line' id='line_1_26' title="bbox 169 3130 1115 3215; baseline -0.001 -19"><span class='ocrx_word' id='word_1_192' title='bbox 169 3132 221 3197; x_wconf 92' lang='lat' dir='ltr'>sin</span> <span class='ocrx_word' id='word_1_193' title='bbox 243 3131 278 3195; x_wconf 93' lang='lat' dir='ltr'>in</span> <span class='ocrx_word' id='word_1_194' title='bbox 300 3130 408 3214; x_wconf 91' lang='lat' dir='ltr'>ellipsi</span> <span class='ocrx_word' id='word_1_195' title='bbox 427 3130 478 3194; x_wconf 90' lang='lat' dir='ltr'>uel</span> <span class='ocrx_word' id='word_1_196' title='bbox 498 3151 575 3195; x_wconf 89' lang='lat' dir='ltr'>arcu</span> <span class='ocrx_word' id='word_1_197' title='bbox 593 3130 705 3195; x_wconf 89' lang='lat' dir='ltr'>circuli</span> <span class='ocrx_word' id='word_1_198' title='bbox 724 3133 785 3195; x_wconf 90' lang='grc' dir='ltr'>ΓΒ</span> <span class='ocrx_word' id='word_1_199' title='bbox 805 3134 837 3196; x_wconf 89' lang='lat' dir='ltr'>et</span> <span class='ocrx_word' id='word_1_200' title='bbox 855 3134 924 3195; x_wconf 90' lang='grc' dir='ltr'>ΑΛ</span> <span class='ocrx_word' id='word_1_201' title='bbox 942 3131 1115 3215; x_wconf 88' lang='lat' dir='ltr'>parallelae</span> 
     </span>
     <span class='ocr_line' id='line_1_27' title="bbox 101 3244 1115 3331; baseline -0.001 -20"><span class='ocrx_word' id='word_1_202' title='bbox 101 3250 190 3331; x_wconf 86' lang='lat' dir='ltr'>sunt,</span> <span class='ocrx_word' id='word_1_203' title='bbox 219 3247 330 3312; x_wconf 89' lang='lat' dir='ltr'>codem</span> <span class='ocrx_word' id='word_1_204' title='bbox 355 3244 460 3329; x_wconf 87' lang='lat' dir='ltr'>modo,</span> <span class='ocrx_word' id='word_1_205' title='bbox 484 3265 548 3328; x_wconf 91' lang='lat' dir='ltr'>quo</span> <span class='ocrx_word' id='word_1_206' title='bbox 571 3250 604 3310; x_wconf 86' lang='lat' dir='ltr'>in</span> <span class='ocrx_word' id='word_1_207' title='bbox 626 3246 840 3330; x_wconf 86' lang='lat' dir='ltr'>praecedenti,</span> <span class='ocrx_word' id='word_1_208' title='bbox 865 3245 1115 3311; x_wconf 78' lang='lat' dir='ltr'>demonstratio·</span> 
     </span>
     <span class='ocr_line' id='line_1_28' title="bbox 100 3360 1115 3446; baseline -0.001 -18"><span class='ocrx_word' id='word_1_209' title='bbox 100 3383 177 3429; x_wconf 89' lang='lat' dir='ltr'>nem</span> <span class='ocrx_word' id='word_1_210' title='bbox 209 3361 428 3445; x_wconf 88' lang='lat' dir='ltr'>conficiemus,</span> <span class='ocrx_word' id='word_1_211' title='bbox 466 3382 537 3424; x_wconf 89' lang='lat' dir='ltr'>cum</span> <span class='ocrx_word' id='word_1_212' title='bbox 571 3360 914 3446; x_wconf 86' lang='lat' dir='ltr'>demonstrauerimus,</span> <span class='ocrx_word' id='word_1_213' title='bbox 950 3365 1015 3426; x_wconf 80' lang='lat' dir='ltr'>Ao</span> <span class='ocrx_word' id='word_1_214' title='bbox 1047 3361 1115 3428; x_wconf 90' lang='lat' dir='ltr'>dia-</span> 
     </span>
     <span class='ocr_line' id='line_1_29' title="bbox 100 3480 343 3542; baseline -0.008 0"><span class='ocrx_word' id='word_1_215' title='bbox 100 3480 240 3542; x_wconf 87' lang='lat' dir='ltr'>metrum</span> <span class='ocrx_word' id='word_1_216' title='bbox 265 3497 343 3540; x_wconf 88' lang='lat' dir='ltr'>esse.</span> 
     </span>
    </p>
   </div>
   <div class='ocr_carea' id='block_1_7' title="bbox 0 0 1226 3892">
    <p class='ocr_par' dir='ltr' id='par_1_10' title="bbox 0 0 1226 3892">
     <span class='ocr_line' id='line_1_30' title="bbox 0 0 1226 3892; baseline 0 1"><span class='ocrx_word' id='word_1_217' title='bbox 0 0 1226 3892; x_wconf 95' lang='lat' dir='ltr'> </span> 
     </span>
    </p>
   </div>
  </div>
 </body>
</html>
