2444 3892
164 137 229 201 170
443 135 705 189 οοκαεανειιιε
723 134 891 198 Δανιουα

163 278 225 366 μὲν
252 280 297 368 τῷ
328 273 528 366 ὀρθογωνίῳ
555 273 618 363 τὴν
644 277 711 343 νῦν
733 273 945 362 καλουμένην
967 274 1183 362 παραβολήν,

164 385 200 450 έν
225 381 263 449 δὲ
285 386 331 474 τῳ
355 379 578 473 άμβλυγωνίῳ
601 381 663 468 τὴν
686 377 889 468 ὑπερβολήν,
913 381 950 447 ἐν
973 379 1012 447 δὲ
1034 384 1082 473 τῷ
1109 378 1182 462 ὀξυ·

163 493 276 578 γωνίῳ
294 488 357 573 τὴν
373 493 534 568 ἔλλειψιν·
557 487 613 553 καὶ
632 490 701 554 ἔστι
719 482 798 572 παρ’
815 483 928 565 αὐτοῖς
943 482 1056 573 εὑρεῖν
1074 483 1182 566 οὕτως

165 591 412 680 ὀνομαζομένας
441 592 500 672 τὰς
529 591 639 679 τομάς.
686 590 796 678 ώσπερ
830 582 894 658 οὖν
926 595 996 659 τών
1028 588 1181 681 ἀρχαίων

127 701 217 769 οέπὶ
246 701 321 779 ἑνὸς
348 697 489 767 ἑκάστου
517 701 628 778 είδονς
654 695 822 784 τριγώνου
848 698 1100 784 θεωρησάντων
1122 695 1183 777 τάς

165 805 227 875 δύο
257 803 365 893 ὀρθάς
391 803 555 891 πρότερον
583 807 620 872 ἐν
646 805 693 894 τώ
723 802 909 892 ἰσοπλεύρῳ
937 803 993 870 καὶ
1016 803 1120 872 πάλιν
1145 806 1182 872 ἐν

163 923 209 1005 τῷ
239 916 405 980 ίσοσκελεϊ
432 910 487 978 καὶ
517 909 660 997 ὕστερον
693 911 730 977 ἐν
761 913 806 999 τῷ
839 912 992 1000 σκαληνῷ
1025 912 1061 976 οί
1087 935 1181 996 μετα-

163 1019 352 1105 γενέστεροι
365 1021 549 1084 καθολικὸν
563 1015 723 1103 θεώρημα
740 1013 915 1096 ἀπέδειξαν
928 1017 1077 1083 τοιοῦτο·
1098 1039 1181 1083 παυ-

166 1127 222 1204 τὸς
244 1122 412 1210 τριγώνου
436 1125 473 1189 αί
492 1120 587 1201 ἐντὸς
605 1135 693 1208 τρεῖς
712 1127 832 1207 γωνίαι
851 1120 949 1188 δυσὶν
969 1116 1093 1207 ὀρθαῖς
1112 1129 1182 1188 ίσαι

112 1248 147 1297 10
166 1233 264 1298 είσίν·
289 1229 393 1309 οὕτως
416 1230 472 1296 καὶ
495 1228 549 1296 ἐπὶ
571 1231 640 1296 τών
663 1230 724 1295 τοῦ
747 1227 860 1296 κώνου
882 1230 1008 1314 τομῶν·
1031 1227 1097 1312 τὴν
1119 1225 1181 1313 μὲν

164 1334 229 1421 γδιρ
261 1335 445 1421 λεγομένην
479 1330 695 1422 ὀρθογωνίου
723 1333 837 1401 κώνου
868 1329 974 1419 τομὴν
1008 1334 1046 1400 ἐν
1078 1330 1180 1420 ὀρθο-

165 1445 276 1531 γωνίῳ
291 1440 399 1527 μόνον
412 1440 510 1530 κώνῳ
526 1437 699 1525 ἐθεώρουν
714 1440 905 1528 τεμνομένῳ
921 1438 1064 1528 ἐπιπέδῳ
1086 1436 1181 1528 ὀρθῷ

164 1544 248 1631 πρὸς
275 1547 355 1629 μίαν
383 1544 533 1629 πλευράν
560 1553 622 1611 τοῦ
650 1541 777 1629 κώνου,
809 1544 872 1630 τὴν
901 1541 938 1610 δέ
965 1546 1025 1610 τοῦ
1053 1541 1180 1631 άμβλυ

164 1654 291 1735 γωνίου
313 1649 426 1716 κώνου
448 1647 555 1735 τομην
580 1651 615 1717 ἐν
637 1647 860 1740 ὀμβλυγωνίῳ
880 1648 1064 1736 γινομένην
1082 1649 1180 1740 κώνῳ

113 1773 144 1822 15
165 1752 423 1840 ἀπεδείκνυσαν,
455 1753 519 1841 την
547 1754 586 1822 δὲ
613 1759 675 1823 τοῦ
702 1753 891 1841 ὀξυγωνίου
924 1757 962 1823 ἐν
994 1751 1180 1845 ὀξυγωνίῳ,

165 1857 288 1947 ὁμοίως
316 1860 369 1928 ἐπὶ
396 1859 534 1931 πάντων
560 1872 629 1931 τών
656 1860 777 1930 κώνων
806 1859 945 1946 άγοντες
971 1858 1012 1928 τά
1040 1863 1180 1928 ἐπίπεδα

165 1962 255 2054 ὀρθὰ
283 1968 367 2054 πρὸς
394 1975 475 2056 μίαν
504 1967 652 2056 πλευρὰν
682 1971 744 2036 τοῦ
773 1965 901 2036 κώνου·
933 1966 1098 2052 δηλοίδδ
1124 1966 1181 2034 καὶ

165 2072 249 2142 αότδι
276 2072 316 2142 τὰ
345 2070 467 2163 άρχαῖα
494 2073 643 2162 ὀνόματα
666 2079 734 2143 τών
757 2076 929 2163 γραμμών.
974 2072 1118 2160 ὕστερον
1143 2072 1181 2140 δὲ

162 2168 384 2261 Ἀπολλώνιος
411 2178 428 2248 ὁ
453 2189 621 2269 Περγαῖος
647 2180 800 2249 καθόλου
823 2207 855 2247 τι
888 2178 1096 2266 ἐθεώρησεν,
1128 2177 1181 2248 ὅτι

110 2306 146 2355 20
166 2289 202 2354 ἐν
221 2288 320 2355 παντὶ
339 2286 435 2377 κώνῳ
454 2288 510 2354 καὶ
530 2283 624 2375 ὀρθῳ
648 2287 703 2352 καὶ
727 2289 881 2377 σκαληνῳ
904 2289 1007 2353 πᾶσαι
1027 2287 1064 2351 αί
1081 2289 1184 2372 τομαί

166 2398 230 2461 είσι
262 2391 344 2461 κατά
378 2392 547 2480 διάφορον
579 2395 641 2459 τοῦ
674 2393 832 2459 ἐπιπέδου
864 2390 948 2481 πρὸς
978 2391 1039 2458 τὸν
1066 2395 1181 2459 κώνον

165 2498 373 2588 προσβολήν·
406 2495 447 2566 ὃν
470 2497 525 2565 καὶ
548 2496 787 2583 θαυμάσαντες
810 2500 846 2564 οί
865 2495 937 2565 κατ’
958 2493 1060 2565 αὐτὸν
1084 2495 1182 2582 γευό-

166 2631 262 2691 μενοι
290 2604 347 2672 διά
374 2608 412 2672 τὸ
435 2604 629 2690 θαυμάσιον
652 2607 722 2671 τών
745 2599 801 2670 ὑπ’
824 2599 929 2671 αὐτοῦ
954 2604 1181 2689 δεδειγμένων

165 2715 318 2778 κωνικών
332 2710 563 2796 θεωρημάτων
578 2710 684 2796 μέγαν
697 2709 887 2797 γεωμέτρην
902 2709 1054 2777 ἐκάλουν.
1074 2713 1182 2777 ταῦτα

110 2833 147 2882 25
166 2815 228 2901 μὲν
253 2808 315 2884 οὖν
340 2813 358 2882 ὁ
382 2822 525 2901 Γεμῖνος
548 2817 584 2884 ἐν
608 2819 653 2905 τῷ
678 2816 759 2905 έκτῳ
784 2816 868 2902 φησὶ
894 2820 953 2902 της
980 2817 1047 2882 τών
1070 2824 1182 2903 μαθη-

165 2920 279 3007 μάτων
301 2927 456 3006 θεωρίας.
495 2917 514 2988 δ
534 2921 571 2989 δὲ
590 2922 689 3008 λέγει,
713 2921 816 3008 σαφὲς
834 2920 1019 3009 ποιήσομεν
1038 2921 1092 2990 ἐπὶ
1110 2926 1182 2990 τών

164 3024 393 3112 ὑποκειμένων
416 3038 647 3116 καταγραφῶν.

233 3138 315 3199 ἐστω
343 3133 380 3199 τὸ
410 3130 467 3199 διὰ
495 3137 555 3200 τοῦ
585 3132 704 3214 άξονος
730 3138 792 3201 τοῦ
815 3133 928 3202 κώνου
950 3139 1117 3221 τρίγωνον
1140 3133 1181 3203 τὸ

238 3336 262 3384 2.
284 3325 315 3385 ἐν
334 3327 367 3384 δέ
387 3359 420 3368 -
439 3322 613 3399 ὑπερβολήν]
632 3344 660 3396 p,
679 3343 735 3397 mg.
755 3326 812 3383 W¹.
895 3334 919 3383 3.
941 3325 1016 3383 ἔστιν
1034 3328 1079 3384 W.
1155 3335 1180 3385 7.

165 3402 309 3474 σκαληνώ]
325 3422 343 3455 α
359 3417 428 3455 corr.
443 3415 477 3453 ex
492 3402 506 3452 λ
520 3418 557 3454 m.
575 3405 588 3451 1
604 3399 648 3453 W.
714 3404 738 3453 8.
759 3393 925 3470 ἀπέδειξαν]
945 3417 972 3469 p,
987 3399 1044 3453 W¹.
1109 3419 1182 3454 παν-

166 3472 227 3542 τός]
245 3490 266 3525 τι
285 3488 354 3526 corr.
374 3488 408 3525 ex
426 3491 442 3525 ν
461 3487 497 3525 m.
518 3476 533 3523 1
553 3468 597 3523 W.
695 3473 736 3524 10.
757 3464 830 3523 οὕτω
849 3486 877 3537 p.
965 3476 1006 3525 13.
1027 3470 1072 3540 δέ]
1094 3487 1182 3540 supra
