<?xml version="1.0" encoding="UTF-8"?>
<!DOCTYPE html PUBLIC "-//W3C//DTD XHTML 1.0 Transitional//EN"
    "http://www.w3.org/TR/xhtml1/DTD/xhtml1-transitional.dtd">
<html xmlns="http://www.w3.org/1999/xhtml" xml:lang="en" lang="en">
 <head>
  <title>
</title>
<meta http-equiv="Content-Type" content="text/html;charset=utf-8" />
  <meta name='ocr-system' content='tesseract 3.04.00' />
  <meta name='ocr-capabilities' content='ocr_page ocr_carea ocr_par ocr_line ocrx_word'/>
</head>
<body>
  <div class='ocr_page' id='page_1' title='image "./apolloniipergae01apolgoog_0258.png"; bbox 0 0 2444 3892; ppageno 0'>
   <div class='ocr_carea' id='block_1_1' title="bbox 157 132 886 198">
    <p class='ocr_par' dir='ltr' id='par_1_1' title="bbox 157 132 886 198">
     <span class='ocr_line' id='line_1_1' title="bbox 157 132 886 198; baseline -0.014 -2"><span class='ocrx_word' id='word_1_1' title='bbox 157 132 222 196; x_wconf 77' lang='lat'><strong><em>172</em></strong></span> <span class='ocrx_word' id='word_1_2' title='bbox 439 134 701 188; x_wconf 73' lang='grc' dir='ltr'><strong><em>οοιωιεανεεειε</em></strong></span> <span class='ocrx_word' id='word_1_3' title='bbox 718 135 886 198; x_wconf 78' lang='grc' dir='ltr'><strong><em>εανιοοε.</em></strong></span> 
     </span>
    </p>
   </div>
   <div class='ocr_carea' id='block_1_2' title="bbox 88 270 1183 3110">
    <p class='ocr_par' dir='ltr' id='par_1_2' title="bbox 88 270 1183 3110">
     <span class='ocr_line' id='line_1_2' title="bbox 157 270 1178 362; baseline 0.005 -23"><span class='ocrx_word' id='word_1_4' title='bbox 157 278 267 358; x_wconf 85' lang='grc' dir='ltr'><em>ΑΒΓ,</em></span> <span class='ocrx_word' id='word_1_5' title='bbox 291 273 347 339; x_wconf 80' lang='grc' dir='ltr'><strong><em>καὶ</em></strong></span> <span class='ocrx_word' id='word_1_6' title='bbox 369 273 465 360; x_wconf 80' lang='grc' dir='ltr'><strong><em>ἤχθω</em></strong></span> <span class='ocrx_word' id='word_1_7' title='bbox 489 276 529 361; x_wconf 84' lang='grc' dir='ltr'><strong><em>τῆ</em></strong></span> <span class='ocrx_word' id='word_1_8' title='bbox 549 281 615 340; x_wconf 93' lang='grc' dir='ltr'><strong><em>ΑΒ</em></strong></span> <span class='ocrx_word' id='word_1_9' title='bbox 639 270 704 341; x_wconf 78' lang='grc' dir='ltr'><strong><em>ἀπὸ</em></strong></span> <span class='ocrx_word' id='word_1_10' title='bbox 727 273 886 361; x_wconf 78' lang='grc' dir='ltr'><strong><em>τυχόντος</em></strong></span> <span class='ocrx_word' id='word_1_11' title='bbox 904 279 1046 362; x_wconf 81' lang='grc' dir='ltr'><strong><em>σημείου</em></strong></span> <span class='ocrx_word' id='word_1_12' title='bbox 1064 278 1128 344; x_wconf 82' lang='grc' dir='ltr'><strong><em>τοῦ</em></strong></span> <span class='ocrx_word' id='word_1_13' title='bbox 1146 283 1178 344; x_wconf 99' lang='grc' dir='ltr'><em>Ε</em></span> 
     </span>
     <span class='ocr_line' id='line_1_3' title="bbox 157 376 1175 466; baseline 0.005 -21"><span class='ocrx_word' id='word_1_14' title='bbox 157 378 241 466; x_wconf 86' lang='grc' dir='ltr'><strong><em>πρὸς</em></strong></span> <span class='ocrx_word' id='word_1_15' title='bbox 264 378 372 465; x_wconf 81' lang='grc' dir='ltr'><strong><em>ὀρθὰς</em></strong></span> <span class='ocrx_word' id='word_1_16' title='bbox 395 376 416 465; x_wconf 84' lang='grc' dir='ltr'><strong><em>ῆ</em></strong></span> <span class='ocrx_word' id='word_1_17' title='bbox 439 387 518 465; x_wconf 89' lang='grc' dir='ltr'><em>ΔΕ,</em></span> <span class='ocrx_word' id='word_1_18' title='bbox 533 380 598 446; x_wconf 81' lang='grc' dir='ltr'><strong><em>καὶ</em></strong></span> <span class='ocrx_word' id='word_1_19' title='bbox 623 376 661 447; x_wconf 91' lang='grc' dir='ltr'><strong><em>τὸ</em></strong></span> <span class='ocrx_word' id='word_1_20' title='bbox 685 381 741 448; x_wconf 78' lang='grc' dir='ltr'><strong><em>διὰ</em></strong></span> <span class='ocrx_word' id='word_1_21' title='bbox 764 383 823 466; x_wconf 86' lang='grc' dir='ltr'><strong><em>τῆς</em></strong></span> <span class='ocrx_word' id='word_1_22' title='bbox 846 387 917 448; x_wconf 88' lang='grc' dir='ltr'><em>ΔΕ</em></span> <span class='ocrx_word' id='word_1_23' title='bbox 938 382 1101 449; x_wconf 75' lang='grc' dir='ltr'><strong><em>ἐπίπεδον</em></strong></span> <span class='ocrx_word' id='word_1_24' title='bbox 1124 383 1175 450; x_wconf 72' lang='grc' dir='ltr'><strong><em>ἐκ</em></strong></span> 
     </span>
     <span class='ocr_line' id='line_1_4' title="bbox 158 483 1175 575; baseline 0.003 -23"><span class='ocrx_word' id='word_1_25' title='bbox 158 484 286 570; x_wconf 74' lang='grc' dir='ltr'><strong><em>βληθὲν</em></strong></span> <span class='ocrx_word' id='word_1_26' title='bbox 306 483 414 570; x_wconf 87' lang='grc' dir='ltr'><strong><em>ὀρθὸν</em></strong></span> <span class='ocrx_word' id='word_1_27' title='bbox 433 483 516 572; x_wconf 86' lang='grc' dir='ltr'><strong><em>πρὸς</em></strong></span> <span class='ocrx_word' id='word_1_28' title='bbox 535 484 597 572; x_wconf 86' lang='grc' dir='ltr'><strong><em>τῆν</em></strong></span> <span class='ocrx_word' id='word_1_29' title='bbox 612 492 676 552; x_wconf 91' lang='grc' dir='ltr'><strong><em>ΑΒ</em></strong></span> <span class='ocrx_word' id='word_1_30' title='bbox 695 487 839 574; x_wconf 80' lang='grc' dir='ltr'><strong><em>τεμνέτω</em></strong></span> <span class='ocrx_word' id='word_1_31' title='bbox 858 484 918 554; x_wconf 89' lang='grc' dir='ltr'><strong><em>τὸν</em></strong></span> <span class='ocrx_word' id='word_1_32' title='bbox 935 490 1063 554; x_wconf 79' lang='grc' dir='ltr'><strong><em>κῶνον·</em></strong></span> <span class='ocrx_word' id='word_1_33' title='bbox 1086 483 1175 575; x_wconf 82' lang='grc' dir='ltr'><strong><em>ὀρθὴ</em></strong></span> 
     </span>
     <span class='ocr_line' id='line_1_5' title="bbox 157 589 575 679; baseline 0.002 -22"><span class='ocrx_word' id='word_1_34' title='bbox 157 589 223 677; x_wconf 81' lang='grc' dir='ltr'><strong><em>ὀρα</em></strong></span> <span class='ocrx_word' id='word_1_35' title='bbox 242 591 331 658; x_wconf 80' lang='grc' dir='ltr'><strong><em>ἐστὶν</em></strong></span> <span class='ocrx_word' id='word_1_36' title='bbox 351 592 488 679; x_wconf 80' lang='grc' dir='ltr'><strong><em>ἑκατέρα</em></strong></span> <span class='ocrx_word' id='word_1_37' title='bbox 508 595 575 659; x_wconf 84' lang='grc' dir='ltr'><strong><em>τών</em></strong></span> 
     </span>
     <span class='ocr_line' id='line_1_6' title="bbox 123 695 576 783; baseline 0.013 -24"><span class='ocrx_word' id='word_1_38' title='bbox 123 695 223 764; x_wconf 66' lang='grc' dir='ltr'><strong><em>τετὸ</em></strong></span> <span class='ocrx_word' id='word_1_39' title='bbox 252 704 369 782; x_wconf 79' lang='grc' dir='ltr'><em>ΑΕΔ,</em></span> <span class='ocrx_word' id='word_1_40' title='bbox 388 704 488 764; x_wconf 78' lang='grc' dir='ltr'><strong><em>ΑΕΖ</em></strong></span> <span class='ocrx_word' id='word_1_41' title='bbox 514 724 576 783; x_wconf 68' lang='grc' dir='ltr'><strong><em>γω-</em></strong></span> 
     </span>
     <span class='ocr_line' id='line_1_7' title="bbox 159 801 658 890; baseline 0.012 -20"><span class='ocrx_word' id='word_1_42' title='bbox 159 807 253 872; x_wconf 84' lang='grc' dir='ltr'><strong><em>υιώυ.</em></strong></span> <span class='ocrx_word' id='word_1_43' title='bbox 284 801 500 890; x_wconf 91' lang='grc' dir='ltr'><strong><em>ὀρθογωνίου</em></strong></span> <span class='ocrx_word' id='word_1_44' title='bbox 513 803 575 890; x_wconf 74' lang='grc' dir='ltr'><strong><em>μὲν</em></strong></span> <span class='ocrx_word' id='word_1_45' title='bbox 634 831 658 876; x_wconf 87' lang='grc' dir='ltr'><em>Δ</em></span> 
     </span>
     <span class='ocr_line' id='line_1_8' title="bbox 159 907 576 990; baseline -0.005 -13"><span class='ocrx_word' id='word_1_46' title='bbox 159 907 257 990; x_wconf 88' lang='grc' dir='ltr'><strong><em>ὀντος</em></strong></span> <span class='ocrx_word' id='word_1_47' title='bbox 288 915 349 978; x_wconf 87' lang='grc' dir='ltr'><strong><em>τοῦ</em></strong></span> <span class='ocrx_word' id='word_1_48' title='bbox 376 907 489 976; x_wconf 91' lang='grc' dir='ltr'><strong><em>κώνου</em></strong></span> <span class='ocrx_word' id='word_1_49' title='bbox 520 909 576 975; x_wconf 81' lang='grc' dir='ltr'><strong><em>καὶ</em></strong></span> 
     </span>
     <span class='ocr_line' id='line_1_9' title="bbox 158 1014 578 1104; baseline -0.005 -22"><span class='ocrx_word' id='word_1_50' title='bbox 158 1014 267 1104; x_wconf 88' lang='grc' dir='ltr'><strong><em>ὀρθῆς</em></strong></span> <span class='ocrx_word' id='word_1_51' title='bbox 316 1019 473 1100; x_wconf 79' lang='grc' dir='ltr'><strong><em>δηλονότι</em></strong></span> <span class='ocrx_word' id='word_1_52' title='bbox 519 1019 578 1100; x_wconf 91' lang='grc' dir='ltr'><strong><em>τῆς</em></strong></span> 
     </span>
     <span class='ocr_line' id='line_1_10' title="bbox 159 1117 636 1212; baseline 0 -25"><span class='ocrx_word' id='word_1_53' title='bbox 159 1117 223 1188; x_wconf 80' lang='grc' dir='ltr'><strong><em>ὑπὸ</em></strong></span> <span class='ocrx_word' id='word_1_54' title='bbox 250 1127 352 1188; x_wconf 89' lang='grc' dir='ltr'><strong><em>ΒΑΓ</em></strong></span> <span class='ocrx_word' id='word_1_55' title='bbox 380 1126 504 1207; x_wconf 79' lang='grc' dir='ltr'><strong><em>γωνίας</em></strong></span> <span class='ocrx_word' id='word_1_56' title='bbox 532 1120 577 1199; x_wconf 83' lang='grc' dir='ltr'><strong><em>ὡς</em></strong></span> <span class='ocrx_word' id='word_1_57' title='bbox 605 1164 636 1212; x_wconf 75' lang='lat' dir='ltr'><em>B</em></span> 
     </span>
     <span class='ocr_line' id='line_1_11' title="bbox 106 1225 576 1314; baseline 0.009 -26"><span class='ocrx_word' id='word_1_58' title='bbox 106 1240 140 1288; x_wconf 93' lang='lat'><strong><em>10</em></strong></span> <span class='ocrx_word' id='word_1_59' title='bbox 160 1228 212 1294; x_wconf 84' lang='grc' dir='ltr'><strong><em>ἐπὶ</em></strong></span> <span class='ocrx_word' id='word_1_60' title='bbox 239 1232 297 1312; x_wconf 90' lang='grc' dir='ltr'><strong><em>τῆς</em></strong></span> <span class='ocrx_word' id='word_1_61' title='bbox 321 1225 454 1314; x_wconf 78' lang='grc' dir='ltr'><strong><em>πρώτης</em></strong></span> <span class='ocrx_word' id='word_1_62' title='bbox 480 1252 576 1293; x_wconf 91' lang='grc' dir='ltr'><strong><em>κατα-</em></strong></span> 
     </span>
     <span class='ocr_line' id='line_1_12' title="bbox 88 1331 577 1420; baseline 0 -22"><span class='ocrx_word' id='word_1_63' title='bbox 88 1382 90 1386; x_wconf 36' lang='grc'>,</span> <span class='ocrx_word' id='word_1_64' title='bbox 158 1344 291 1420; x_wconf 81' lang='grc' dir='ltr'><strong><em>γραφῆς</em></strong></span> <span class='ocrx_word' id='word_1_65' title='bbox 303 1331 365 1399; x_wconf 79' lang='grc' dir='ltr'><strong><em>δύο</em></strong></span> <span class='ocrx_word' id='word_1_66' title='bbox 377 1331 497 1419; x_wconf 87' lang='grc' dir='ltr'><strong><em>ὀρθαῖς</em></strong></span> <span class='ocrx_word' id='word_1_67' title='bbox 508 1340 577 1400; x_wconf 85' lang='grc' dir='ltr'><strong><em>ίσαι</em></strong></span> 
     </span>
     <span class='ocr_line' id='line_1_13' title="bbox 159 1435 1176 1525; baseline 0.002 -21"><span class='ocrx_word' id='word_1_68' title='bbox 159 1443 292 1505; x_wconf 82' lang='grc' dir='ltr'><strong><em>ἔσονται</em></strong></span> <span class='ocrx_word' id='word_1_69' title='bbox 316 1441 352 1503; x_wconf 89' lang='grc' dir='ltr'><strong><em>αί</em></strong></span> <span class='ocrx_word' id='word_1_70' title='bbox 370 1435 436 1505; x_wconf 82' lang='grc' dir='ltr'><strong><em>ὑπὸ</em></strong></span> <span class='ocrx_word' id='word_1_71' title='bbox 458 1443 565 1522; x_wconf 88' lang='grc' dir='ltr'><strong><em>ΒΑΓ,</em></strong></span> <span class='ocrx_word' id='word_1_72' title='bbox 580 1444 679 1504; x_wconf 97' lang='grc' dir='ltr'><em>ΑΕΖ</em></span> <span class='ocrx_word' id='word_1_73' title='bbox 702 1443 836 1523; x_wconf 90' lang='grc' dir='ltr'><strong><em>γωνίαι·</em></strong></span> <span class='ocrx_word' id='word_1_74' title='bbox 861 1435 944 1506; x_wconf 82' lang='grc' dir='ltr'><strong><em>ώστε</em></strong></span> <span class='ocrx_word' id='word_1_75' title='bbox 962 1436 1176 1525; x_wconf 78' lang='grc' dir='ltr'><strong><em>παράλληλος</em></strong></span> 
     </span>
     <span class='ocr_line' id='line_1_14' title="bbox 160 1538 1176 1634; baseline 0.003 -25"><span class='ocrx_word' id='word_1_76' title='bbox 160 1548 250 1609; x_wconf 79' lang='grc' dir='ltr'><strong><em>ἔσται</em></strong></span> <span class='ocrx_word' id='word_1_77' title='bbox 277 1538 298 1627; x_wconf 90' lang='grc' dir='ltr'><strong><em>ῆ</em></strong></span> <span class='ocrx_word' id='word_1_78' title='bbox 322 1548 423 1609; x_wconf 91' lang='grc' dir='ltr'><em>ΔΕΖ</em></span> <span class='ocrx_word' id='word_1_79' title='bbox 451 1553 490 1629; x_wconf 80' lang='grc' dir='ltr'><strong><em>τῇ</em></strong></span> <span class='ocrx_word' id='word_1_80' title='bbox 515 1548 588 1610; x_wconf 92' lang='grc' dir='ltr'><strong><em>ΑΓ.</em></strong></span> <span class='ocrx_word' id='word_1_81' title='bbox 638 1543 694 1610; x_wconf 83' lang='grc' dir='ltr'><strong><em>καὶ</em></strong></span> <span class='ocrx_word' id='word_1_82' title='bbox 720 1549 848 1629; x_wconf 89' lang='grc' dir='ltr'><strong><em>γίνεται</em></strong></span> <span class='ocrx_word' id='word_1_83' title='bbox 872 1545 908 1611; x_wconf 84' lang='grc' dir='ltr'><strong><em>έν</em></strong></span> <span class='ocrx_word' id='word_1_84' title='bbox 931 1546 970 1632; x_wconf 89' lang='grc' dir='ltr'><strong><em>τῆ</em></strong></span> <span class='ocrx_word' id='word_1_85' title='bbox 995 1545 1176 1634; x_wconf 73' lang='grc' dir='ltr'><strong><em>ἐπιφανείᾳ</em></strong></span> 
     </span>
     <span class='ocr_line' id='line_1_15' title="bbox 158 1644 1174 1736; baseline 0.005 -23"><span class='ocrx_word' id='word_1_86' title='bbox 158 1656 219 1713; x_wconf 85' lang='grc' dir='ltr'><strong><em>τοῦ</em></strong></span> <span class='ocrx_word' id='word_1_87' title='bbox 251 1645 365 1714; x_wconf 91' lang='grc' dir='ltr'><strong><em>κώνου</em></strong></span> <span class='ocrx_word' id='word_1_88' title='bbox 396 1648 480 1734; x_wconf 87' lang='grc' dir='ltr'><strong><em>τομῆ</em></strong></span> <span class='ocrx_word' id='word_1_89' title='bbox 512 1644 532 1734; x_wconf 89' lang='grc' dir='ltr'><strong><em>ῆ</em></strong></span> <span class='ocrx_word' id='word_1_90' title='bbox 560 1649 750 1734; x_wconf 79' lang='grc' dir='ltr'><strong><em>καλουμένη</em></strong></span> <span class='ocrx_word' id='word_1_91' title='bbox 782 1649 956 1736; x_wconf 87' lang='grc' dir='ltr'><strong><em>παραβολῆ</em></strong></span> <span class='ocrx_word' id='word_1_92' title='bbox 985 1647 1075 1717; x_wconf 81' lang='grc' dir='ltr'><strong><em>οὕτω</em></strong></span> <span class='ocrx_word' id='word_1_93' title='bbox 1098 1658 1174 1736; x_wconf 93' lang='grc' dir='ltr'><strong><em>κλη-</em></strong></span> 
     </span>
     <span class='ocr_line' id='line_1_16' title="bbox 107 1749 1175 1842; baseline 0.008 -27"><span class='ocrx_word' id='word_1_94' title='bbox 107 1766 139 1815; x_wconf 85' lang='lat'><strong><em>15</em></strong></span> <span class='ocrx_word' id='word_1_95' title='bbox 159 1761 258 1819; x_wconf 88' lang='grc' dir='ltr'><strong><em>θεῖσα</em></strong></span> <span class='ocrx_word' id='word_1_96' title='bbox 281 1749 346 1820; x_wconf 80' lang='grc' dir='ltr'><strong><em>ἀπὸ</em></strong></span> <span class='ocrx_word' id='word_1_97' title='bbox 369 1757 430 1821; x_wconf 84' lang='grc' dir='ltr'><strong><em>τοῦ</em></strong></span> <span class='ocrx_word' id='word_1_98' title='bbox 453 1753 668 1841; x_wconf 78' lang='grc' dir='ltr'><strong><em>παράλληλον</em></strong></span> <span class='ocrx_word' id='word_1_99' title='bbox 688 1751 775 1823; x_wconf 77' lang='grc' dir='ltr'><strong><em>εἶναι</em></strong></span> <span class='ocrx_word' id='word_1_100' title='bbox 792 1756 854 1842; x_wconf 90' lang='grc' dir='ltr'><strong><em>τῆν</em></strong></span> <span class='ocrx_word' id='word_1_101' title='bbox 875 1762 987 1841; x_wconf 88' lang='grc' dir='ltr'><em>ΔΕΖ,</em></span> <span class='ocrx_word' id='word_1_102' title='bbox 1010 1754 1083 1842; x_wconf 86' lang='grc' dir='ltr'><strong><em>ῆτις</em></strong></span> <span class='ocrx_word' id='word_1_103' title='bbox 1106 1757 1175 1825; x_wconf 80' lang='grc' dir='ltr'><strong><em>ἐστὶ</em></strong></span> 
     </span>
     <span class='ocr_line' id='line_1_17' title="bbox 158 1855 1175 1947; baseline 0.006 -23"><span class='ocrx_word' id='word_1_104' title='bbox 158 1856 255 1944; x_wconf 89' lang='grc' dir='ltr'><strong><em>κοινῆ</em></strong></span> <span class='ocrx_word' id='word_1_105' title='bbox 279 1855 363 1944; x_wconf 90' lang='grc' dir='ltr'><strong><em>τομῆ</em></strong></span> <span class='ocrx_word' id='word_1_106' title='bbox 386 1863 447 1927; x_wconf 84' lang='grc' dir='ltr'><strong><em>τοῦ</em></strong></span> <span class='ocrx_word' id='word_1_107' title='bbox 470 1860 650 1947; x_wconf 82' lang='grc' dir='ltr'><strong><em>τέμνοντος</em></strong></span> <span class='ocrx_word' id='word_1_108' title='bbox 679 1861 837 1929; x_wconf 79' lang='grc' dir='ltr'><strong><em>ἐπιπέδου</em></strong></span> <span class='ocrx_word' id='word_1_109' title='bbox 862 1861 1003 1929; x_wconf 81' lang='grc' dir='ltr'><strong><em>καὶτοῦ</em></strong></span> <span class='ocrx_word' id='word_1_110' title='bbox 1027 1861 1085 1928; x_wconf 79' lang='grc' dir='ltr'><strong><em>διὰ</em></strong></span> <span class='ocrx_word' id='word_1_111' title='bbox 1114 1866 1175 1930; x_wconf 84' lang='grc' dir='ltr'><strong><em>τοῦ</em></strong></span> 
     </span>
     <span class='ocr_line' id='line_1_18' title="bbox 158 1963 1067 2056; baseline 0.001 -23"><span class='ocrx_word' id='word_1_112' title='bbox 158 1963 279 2046; x_wconf 80' lang='grc' dir='ltr'><strong><em>ὀξονος</em></strong></span> <span class='ocrx_word' id='word_1_113' title='bbox 301 1964 484 2053; x_wconf 74' lang='grc' dir='ltr'><strong><em>τριγώνου,</em></strong></span> <span class='ocrx_word' id='word_1_114' title='bbox 507 1970 546 2055; x_wconf 89' lang='grc' dir='ltr'><strong><em>τῆ</em></strong></span> <span class='ocrx_word' id='word_1_115' title='bbox 571 1973 640 2034; x_wconf 93' lang='grc' dir='ltr'><strong><em>ΑΓ</em></strong></span> <span class='ocrx_word' id='word_1_116' title='bbox 658 1969 784 2056; x_wconf 79' lang='grc' dir='ltr'><strong><em>πλευρᾷ</em></strong></span> <span class='ocrx_word' id='word_1_117' title='bbox 807 1968 867 2034; x_wconf 83' lang='grc' dir='ltr'><strong><em>τοῦ</em></strong></span> <span class='ocrx_word' id='word_1_118' title='bbox 890 1964 1067 2055; x_wconf 79' lang='grc' dir='ltr'><strong><em>τριγώνου.</em></strong></span> 
     </span>
     <span class='ocr_line' id='line_1_19' title="bbox 225 2065 1173 2163; baseline 0.001 -23"><span class='ocrx_word' id='word_1_119' title='bbox 225 2071 284 2141; x_wconf 82' lang='grc' dir='ltr'><strong><em>έόιν</em></strong></span> <span class='ocrx_word' id='word_1_120' title='bbox 316 2072 353 2141; x_wconf 72' lang='grc' dir='ltr'><strong><em>δὲ</em></strong></span> <span class='ocrx_word' id='word_1_121' title='bbox 380 2071 615 2162; x_wconf 80' lang='grc' dir='ltr'><strong><em>ἀμβλυγώνιος</em></strong></span> <span class='ocrx_word' id='word_1_122' title='bbox 642 2065 663 2163; x_wconf 83' lang='grc' dir='ltr'><strong><em>ῆ</em></strong></span> <span class='ocrx_word' id='word_1_123' title='bbox 691 2071 708 2141; x_wconf 85' lang='grc' dir='ltr'>ὁ</span> <span class='ocrx_word' id='word_1_124' title='bbox 733 2082 840 2153; x_wconf 80' lang='grc' dir='ltr'><strong><em>κῶνος</em></strong></span> <span class='ocrx_word' id='word_1_125' title='bbox 869 2069 913 2152; x_wconf 79' lang='grc' dir='ltr'><strong><em>ὡς</em></strong></span> <span class='ocrx_word' id='word_1_126' title='bbox 937 2071 990 2139; x_wconf 83' lang='grc' dir='ltr'><strong><em>ἐπὶ</em></strong></span> <span class='ocrx_word' id='word_1_127' title='bbox 1013 2075 1073 2158; x_wconf 88' lang='grc' dir='ltr'><strong><em>τῆς</em></strong></span> <span class='ocrx_word' id='word_1_128' title='bbox 1097 2077 1173 2141; x_wconf 75' lang='grc' dir='ltr'><strong><em>δευ-</em></strong></span> 
     </span>
     <span class='ocr_line' id='line_1_20' title="bbox 159 2175 1174 2269; baseline 0.001 -24"><span class='ocrx_word' id='word_1_129' title='bbox 159 2179 255 2264; x_wconf 82' lang='grc' dir='ltr'><strong><em>τέρας</em></strong></span> <span class='ocrx_word' id='word_1_130' title='bbox 281 2182 496 2266; x_wconf 79' lang='grc' dir='ltr'><strong><em>καταγραφῆς</em></strong></span> <span class='ocrx_word' id='word_1_131' title='bbox 524 2181 682 2265; x_wconf 80' lang='grc' dir='ltr'><strong><em>ἀμβλείας</em></strong></span> <span class='ocrx_word' id='word_1_132' title='bbox 711 2177 867 2269; x_wconf 80' lang='grc' dir='ltr'><strong><em>δηλονότι</em></strong></span> <span class='ocrx_word' id='word_1_133' title='bbox 896 2176 998 2263; x_wconf 78' lang='grc' dir='ltr'><strong><em>οὔσης</em></strong></span> <span class='ocrx_word' id='word_1_134' title='bbox 1026 2181 1086 2263; x_wconf 82' lang='grc' dir='ltr'><strong><em>τῆς</em></strong></span> <span class='ocrx_word' id='word_1_135' title='bbox 1109 2175 1174 2246; x_wconf 81' lang='grc' dir='ltr'><strong><em>ὑπὸ</em></strong></span> 
     </span>
     <span class='ocr_line' id='line_1_21' title="bbox 107 2281 1177 2371; baseline 0.006 -25"><span class='ocrx_word' id='word_1_136' title='bbox 107 2297 142 2346; x_wconf 78' lang='lat'><strong><em>20</em></strong></span> <span class='ocrx_word' id='word_1_137' title='bbox 162 2290 270 2369; x_wconf 85' lang='lat' dir='ltr'><em>BAF,</em></span> <span class='ocrx_word' id='word_1_138' title='bbox 299 2282 406 2370; x_wconf 80' lang='grc' dir='ltr'><strong><em>ὀρθῆς</em></strong></span> <span class='ocrx_word' id='word_1_139' title='bbox 435 2283 472 2351; x_wconf 71' lang='grc' dir='ltr'><strong><em>δὲ</em></strong></span> <span class='ocrx_word' id='word_1_140' title='bbox 499 2289 558 2370; x_wconf 90' lang='grc' dir='ltr'><strong><em>τῆς</em></strong></span> <span class='ocrx_word' id='word_1_141' title='bbox 583 2281 648 2351; x_wconf 80' lang='grc' dir='ltr'><strong><em>ὑπὸ</em></strong></span> <span class='ocrx_word' id='word_1_142' title='bbox 673 2292 787 2371; x_wconf 88' lang='grc' dir='ltr'><em>ΑΕΖ,</em></span> <span class='ocrx_word' id='word_1_143' title='bbox 817 2284 880 2353; x_wconf 78' lang='grc' dir='ltr'><strong><em>δύο</em></strong></span> <span class='ocrx_word' id='word_1_144' title='bbox 903 2283 1021 2371; x_wconf 80' lang='grc' dir='ltr'><strong><em>ὀρθῶν</em></strong></span> <span class='ocrx_word' id='word_1_145' title='bbox 1045 2291 1177 2370; x_wconf 81' lang='grc' dir='ltr'><strong><em>μείζους</em></strong></span> 
     </span>
     <span class='ocr_line' id='line_1_22' title="bbox 161 2387 1176 2478; baseline 0.002 -22"><span class='ocrx_word' id='word_1_146' title='bbox 161 2395 294 2457; x_wconf 79' lang='grc' dir='ltr'><strong><em>ἔσονται</em></strong></span> <span class='ocrx_word' id='word_1_147' title='bbox 322 2393 360 2456; x_wconf 84' lang='grc' dir='ltr'><strong><em>αί</em></strong></span> <span class='ocrx_word' id='word_1_148' title='bbox 384 2387 450 2457; x_wconf 83' lang='grc' dir='ltr'><strong><em>ὑπὸ</em></strong></span> <span class='ocrx_word' id='word_1_149' title='bbox 480 2395 588 2474; x_wconf 88' lang='grc' dir='ltr'><em>ΒΑΓ,</em></span> <span class='ocrx_word' id='word_1_150' title='bbox 613 2397 712 2456; x_wconf 88' lang='grc' dir='ltr'><strong><em>ΑΕΖ</em></strong></span> <span class='ocrx_word' id='word_1_151' title='bbox 740 2396 873 2476; x_wconf 84' lang='grc' dir='ltr'><strong><em>γωνίαι·</em></strong></span> <span class='ocrx_word' id='word_1_152' title='bbox 911 2389 994 2457; x_wconf 76' lang='grc' dir='ltr'><strong><em>ὥστε</em></strong></span> <span class='ocrx_word' id='word_1_153' title='bbox 1023 2387 1064 2458; x_wconf 82' lang='grc' dir='ltr'><strong><em>οὐ</em></strong></span> <span class='ocrx_word' id='word_1_154' title='bbox 1093 2408 1176 2478; x_wconf 89' lang='grc' dir='ltr'><strong><em>συμ-</em></strong></span> 
     </span>
     <span class='ocr_line' id='line_1_23' title="bbox 160 2492 1183 2585; baseline 0.002 -23"><span class='ocrx_word' id='word_1_155' title='bbox 160 2509 307 2564; x_wconf 84' lang='grc' dir='ltr'><strong><em>πεσεῖται</em></strong></span> <span class='ocrx_word' id='word_1_156' title='bbox 326 2492 347 2581; x_wconf 85' lang='grc' dir='ltr'><strong><em>ῆ</em></strong></span> <span class='ocrx_word' id='word_1_157' title='bbox 364 2502 464 2563; x_wconf 87' lang='grc' dir='ltr'><em>ΔΕΖ</em></span> <span class='ocrx_word' id='word_1_158' title='bbox 482 2497 521 2582; x_wconf 88' lang='grc' dir='ltr'><strong><em>τῆ</em></strong></span> <span class='ocrx_word' id='word_1_159' title='bbox 537 2501 605 2562; x_wconf 92' lang='lat' dir='ltr'><strong><em>AF</em></strong></span> <span class='ocrx_word' id='word_1_160' title='bbox 624 2502 750 2585; x_wconf 76' lang='grc' dir='ltr'><strong><em>πλευρᾷ</em></strong></span> <span class='ocrx_word' id='word_1_161' title='bbox 775 2496 827 2564; x_wconf 80' lang='grc' dir='ltr'><strong><em>ἐπὶ</em></strong></span> <span class='ocrx_word' id='word_1_162' title='bbox 845 2494 885 2564; x_wconf 81' lang='grc' dir='ltr'><strong><em>τὰ</em></strong></span> <span class='ocrx_word' id='word_1_163' title='bbox 903 2494 987 2583; x_wconf 89' lang='grc' dir='ltr'><strong><em>πρὸς</em></strong></span> <span class='ocrx_word' id='word_1_164' title='bbox 1003 2509 1075 2575; x_wconf 87' lang='grc' dir='ltr'><strong><em>τοῖς</em></strong></span> <span class='ocrx_word' id='word_1_165' title='bbox 1095 2503 1133 2581; x_wconf 89' lang='grc' dir='ltr'><strong><em>Ζ,</em></strong></span> <span class='ocrx_word' id='word_1_166' title='bbox 1149 2502 1183 2564; x_wconf 90' lang='grc' dir='ltr'>Γ</span> 
     </span>
     <span class='ocr_line' id='line_1_24' title="bbox 161 2598 1177 2691; baseline -0.001 -21"><span class='ocrx_word' id='word_1_167' title='bbox 161 2603 256 2687; x_wconf 90' lang='grc' dir='ltr'><strong><em>μέρη,</em></strong></span> <span class='ocrx_word' id='word_1_168' title='bbox 280 2598 365 2668; x_wconf 81' lang='grc' dir='ltr'><strong><em>ἀλλὰ</em></strong></span> <span class='ocrx_word' id='word_1_169' title='bbox 388 2601 442 2668; x_wconf 82' lang='grc' dir='ltr'><strong><em>ἐπὶ</em></strong></span> <span class='ocrx_word' id='word_1_170' title='bbox 463 2598 505 2667; x_wconf 82' lang='grc' dir='ltr'><strong><em>τὰ</em></strong></span> <span class='ocrx_word' id='word_1_171' title='bbox 527 2598 611 2685; x_wconf 89' lang='grc' dir='ltr'><strong><em>πρὸς</em></strong></span> <span class='ocrx_word' id='word_1_172' title='bbox 633 2613 703 2680; x_wconf 89' lang='grc' dir='ltr'><strong><em>τοῖς</em></strong></span> <span class='ocrx_word' id='word_1_173' title='bbox 726 2609 768 2687; x_wconf 90' lang='grc' dir='ltr'><strong><em>Α,</em></strong></span> <span class='ocrx_word' id='word_1_174' title='bbox 788 2609 819 2668; x_wconf 88' lang='grc' dir='ltr'><em>Ε</em></span> <span class='ocrx_word' id='word_1_175' title='bbox 844 2603 1177 2691; x_wconf 85' lang='grc' dir='ltr'><strong><em>προσεκβαλλομένης</em></strong></span> 
     </span>
     <span class='ocr_line' id='line_1_25' title="bbox 161 2699 1177 2794; baseline 0.002 -21"><span class='ocrx_word' id='word_1_176' title='bbox 161 2706 321 2792; x_wconf 79' lang='grc' dir='ltr'><strong><em>δηλονότι</em></strong></span> <span class='ocrx_word' id='word_1_177' title='bbox 343 2708 402 2791; x_wconf 89' lang='grc' dir='ltr'><strong><em>τῆς</em></strong></span> <span class='ocrx_word' id='word_1_178' title='bbox 425 2711 486 2773; x_wconf 94' lang='grc' dir='ltr'><strong><em>ΓΑ</em></strong></span> <span class='ocrx_word' id='word_1_179' title='bbox 513 2705 566 2772; x_wconf 79' lang='grc' dir='ltr'><strong><em>ἐπὶ</em></strong></span> <span class='ocrx_word' id='word_1_180' title='bbox 588 2704 626 2773; x_wconf 91' lang='grc' dir='ltr'><strong><em>τὸ</em></strong></span> <span class='ocrx_word' id='word_1_181' title='bbox 651 2714 693 2773; x_wconf 90' lang='grc' dir='ltr'><strong><em>Δ.</em></strong></span> <span class='ocrx_word' id='word_1_182' title='bbox 739 2708 871 2794; x_wconf 81' lang='grc' dir='ltr'><strong><em>ποιήσει</em></strong></span> <span class='ocrx_word' id='word_1_183' title='bbox 899 2699 962 2776; x_wconf 81' lang='grc' dir='ltr'><strong><em>οὖν</em></strong></span> <span class='ocrx_word' id='word_1_184' title='bbox 989 2705 1027 2773; x_wconf 87' lang='grc' dir='ltr'><strong><em>τὸ</em></strong></span> <span class='ocrx_word' id='word_1_185' title='bbox 1051 2707 1177 2793; x_wconf 85' lang='grc' dir='ltr'><strong><em>τέμνον</em></strong></span> 
     </span>
     <span class='ocr_line' id='line_1_26' title="bbox 108 2811 1177 2902; baseline 0.007 -30"><span class='ocrx_word' id='word_1_186' title='bbox 108 2825 143 2873; x_wconf 77' lang='lat'><strong><em>25</em></strong></span> <span class='ocrx_word' id='word_1_187' title='bbox 163 2813 320 2878; x_wconf 79' lang='grc' dir='ltr'><strong><em>ἐπίπεδον</em></strong></span> <span class='ocrx_word' id='word_1_188' title='bbox 340 2811 376 2877; x_wconf 86' lang='grc' dir='ltr'><strong><em>έν</em></strong></span> <span class='ocrx_word' id='word_1_189' title='bbox 394 2815 434 2897; x_wconf 88' lang='grc' dir='ltr'><strong><em>τῆ</em></strong></span> <span class='ocrx_word' id='word_1_190' title='bbox 455 2812 633 2902; x_wconf 77' lang='grc' dir='ltr'><strong><em>ἐπιφανείη</em></strong></span> <span class='ocrx_word' id='word_1_191' title='bbox 652 2815 712 2880; x_wconf 83' lang='grc' dir='ltr'><strong><em>τοῦ</em></strong></span> <span class='ocrx_word' id='word_1_192' title='bbox 731 2813 845 2882; x_wconf 90' lang='grc' dir='ltr'><strong><em>κώνου</em></strong></span> <span class='ocrx_word' id='word_1_193' title='bbox 859 2811 964 2900; x_wconf 88' lang='grc' dir='ltr'><strong><em>τομῆν</em></strong></span> <span class='ocrx_word' id='word_1_194' title='bbox 978 2811 1040 2898; x_wconf 88' lang='grc' dir='ltr'><strong><em>τῆν</em></strong></span> <span class='ocrx_word' id='word_1_195' title='bbox 1054 2820 1177 2880; x_wconf 89' lang='grc' dir='ltr'><strong><em>καλου-</em></strong></span> 
     </span>
     <span class='ocr_line' id='line_1_27' title="bbox 160 2911 1177 3006; baseline 0.006 -26"><span class='ocrx_word' id='word_1_196' title='bbox 160 2915 267 2999; x_wconf 81' lang='grc' dir='ltr'><strong><em>μένην</em></strong></span> <span class='ocrx_word' id='word_1_197' title='bbox 290 2911 481 3002; x_wconf 81' lang='grc' dir='ltr'><strong><em>ὑπερβολῆν</em></strong></span> <span class='ocrx_word' id='word_1_198' title='bbox 511 2914 598 2984; x_wconf 80' lang='grc' dir='ltr'><strong><em>οὕτω</em></strong></span> <span class='ocrx_word' id='word_1_199' title='bbox 622 2924 807 3004; x_wconf 82' lang='grc' dir='ltr'><strong><em>κληθεῖσαν</em></strong></span> <span class='ocrx_word' id='word_1_200' title='bbox 836 2916 901 2988; x_wconf 78' lang='grc' dir='ltr'><strong><em>ἀπὸ</em></strong></span> <span class='ocrx_word' id='word_1_201' title='bbox 928 2922 989 2986; x_wconf 83' lang='grc' dir='ltr'><strong><em>τοῦ</em></strong></span> <span class='ocrx_word' id='word_1_202' title='bbox 1012 2914 1177 3006; x_wconf 82' lang='grc' dir='ltr'><strong><em>ὑπερβώλ·</em></strong></span> 
     </span>
     <span class='ocr_line' id='line_1_28' title="bbox 160 3017 1177 3110; baseline 0.004 -23"><span class='ocrx_word' id='word_1_203' title='bbox 160 3027 231 3087; x_wconf 94' lang='grc' dir='ltr'><strong><em>λειν</em></strong></span> <span class='ocrx_word' id='word_1_204' title='bbox 259 3017 316 3100; x_wconf 82' lang='grc' dir='ltr'><strong><em>τὰς</em></strong></span> <span class='ocrx_word' id='word_1_205' title='bbox 344 3020 519 3108; x_wconf 78' lang='grc' dir='ltr'><strong><em>εἰρημένας</em></strong></span> <span class='ocrx_word' id='word_1_206' title='bbox 551 3029 690 3110; x_wconf 88' lang='grc' dir='ltr'><strong><em>γωνίας,</em></strong></span> <span class='ocrx_word' id='word_1_207' title='bbox 720 3027 870 3094; x_wconf 88' lang='grc' dir='ltr'><strong><em>τουτέστι</em></strong></span> <span class='ocrx_word' id='word_1_208' title='bbox 893 3021 952 3103; x_wconf 81' lang='grc' dir='ltr'><strong><em>τὰς</em></strong></span> <span class='ocrx_word' id='word_1_209' title='bbox 973 3021 1039 3092; x_wconf 83' lang='grc' dir='ltr'><strong><em>ὑπὸ</em></strong></span> <span class='ocrx_word' id='word_1_210' title='bbox 1064 3032 1177 3110; x_wconf 86' lang='grc' dir='ltr'><em>ΑΕΖ,</em></span> 
     </span>
    </p>
   </div>
   <div class='ocr_carea' id='block_1_3' title="bbox 160 3244 1177 3536">
    <p class='ocr_par' dir='ltr' id='par_1_3' title="bbox 160 3244 1177 3468">
     <span class='ocr_line' id='line_1_29' title="bbox 233 3244 1177 3323; baseline 0.005 -21"><span class='ocrx_word' id='word_1_211' title='bbox 233 3255 258 3303; x_wconf 80' lang='lat'><strong><em>2.</em></strong></span> <span class='ocrx_word' id='word_1_212' title='bbox 278 3244 421 3321; x_wconf 73' lang='grc' dir='ltr'><strong><em>ἐμβληθέν</em></strong></span> <span class='ocrx_word' id='word_1_213' title='bbox 439 3251 485 3306; x_wconf 88' lang='lat' dir='ltr'><strong><em>W.</em></strong></span> <span class='ocrx_word' id='word_1_214' title='bbox 564 3261 588 3309; x_wconf 89' lang='grc'><strong><em>6.</em></strong></span> <span class='ocrx_word' id='word_1_215' title='bbox 609 3248 794 3323; x_wconf 79' lang='grc' dir='ltr'><strong><em>ὀρθογωνίου</em></strong></span> <span class='ocrx_word' id='word_1_216' title='bbox 815 3254 858 3323; x_wconf 86' lang='lat' dir='ltr'><strong><em>W,</em></strong></span> <span class='ocrx_word' id='word_1_217' title='bbox 879 3269 948 3309; x_wconf 81' lang='lat' dir='ltr'><strong>corr.</strong></span> <span class='ocrx_word' id='word_1_218' title='bbox 967 3271 1004 3306; x_wconf 90' lang='lat' dir='ltr'><strong><em>m.</em></strong></span> <span class='ocrx_word' id='word_1_219' title='bbox 1025 3259 1049 3308; x_wconf 90' lang='lat'><strong><em>1.</em></strong></span> <span class='ocrx_word' id='word_1_220' title='bbox 1122 3251 1177 3322; x_wconf 75' lang='grc' dir='ltr'><strong><em>μὲν</em></strong></span> 
     </span>
     <span class='ocr_line' id='line_1_30' title="bbox 161 3316 1176 3396; baseline 0.006 -22"><span class='ocrx_word' id='word_1_221' title='bbox 161 3316 244 3382; x_wconf 79' lang='grc' dir='ltr'><strong><em>ὄντος</em></strong></span> <span class='ocrx_word' id='word_1_222' title='bbox 277 3322 388 3391; x_wconf 80' lang='lat' dir='ltr'><strong>scripsi,</strong></span> <span class='ocrx_word' id='word_1_223' title='bbox 415 3321 549 3394; x_wconf 82' lang='grc' dir='ltr'><strong><em>μένοντος</em></strong></span> <span class='ocrx_word' id='word_1_224' title='bbox 567 3323 634 3392; x_wconf 85' lang='lat' dir='ltr'><strong><em>Wp.</em></strong></span> <span class='ocrx_word' id='word_1_225' title='bbox 726 3328 767 3381; x_wconf 82' lang='lat'><strong><em>12.</em></strong></span> <span class='ocrx_word' id='word_1_226' title='bbox 791 3324 887 3396; x_wconf 85' lang='grc' dir='ltr'><strong><em>ΒΑΓ]</em></strong></span> <span class='ocrx_word' id='word_1_227' title='bbox 907 3327 990 3378; x_wconf 87' lang='grc' dir='ltr'><strong><em>ΑΒΓ</em></strong></span> <span class='ocrx_word' id='word_1_228' title='bbox 1005 3323 1079 3393; x_wconf 87' lang='lat' dir='ltr'><strong><em>Wp,</em></strong></span> <span class='ocrx_word' id='word_1_229' title='bbox 1105 3341 1176 3380; x_wconf 82' lang='lat' dir='ltr'>cort.</span> 
     </span>
     <span class='ocr_line' id='line_1_31' title="bbox 160 3391 1177 3468; baseline 0.005 -24"><span class='ocrx_word' id='word_1_230' title='bbox 160 3409 217 3461; x_wconf 84' lang='lat' dir='ltr'><strong><em>mg.</em></strong></span> <span class='ocrx_word' id='word_1_231' title='bbox 262 3435 268 3447; x_wconf 86' lang='lat'><strong>.</strong></span> <span class='ocrx_word' id='word_1_232' title='bbox 360 3395 452 3468; x_wconf 85' lang='lat' dir='ltr'><em>AEZ]</em></span> <span class='ocrx_word' id='word_1_233' title='bbox 480 3398 561 3449; x_wconf 85' lang='grc' dir='ltr'><em>ΔΕΖ</em></span> <span class='ocrx_word' id='word_1_234' title='bbox 580 3393 654 3464; x_wconf 90' lang='lat' dir='ltr'><strong><em>Wp,</em></strong></span> <span class='ocrx_word' id='word_1_235' title='bbox 678 3409 748 3450; x_wconf 79' lang='lat' dir='ltr'><strong>corr.</strong></span> <span class='ocrx_word' id='word_1_236' title='bbox 766 3413 822 3464; x_wconf 86' lang='lat' dir='ltr'><strong><em>mg.</em></strong></span> <span class='ocrx_word' id='word_1_237' title='bbox 842 3396 875 3450; x_wconf 89' lang='lat' dir='ltr'><strong><em>U.</em></strong></span> <span class='ocrx_word' id='word_1_238' title='bbox 967 3400 1008 3449; x_wconf 81' lang='lat'><strong><em>15.</em></strong></span> <span class='ocrx_word' id='word_1_239' title='bbox 1034 3391 1111 3449; x_wconf 78' lang='grc' dir='ltr'><strong><em>ἐστίν</em></strong></span> <span class='ocrx_word' id='word_1_240' title='bbox 1129 3393 1177 3449; x_wconf 85' lang='lat' dir='ltr'><strong><em>W.</em></strong></span> 
     </span>
    </p>

    <p class='ocr_par' dir='ltr' id='par_1_4' title="bbox 199 3459 1177 3536">
     <span class='ocr_line' id='line_1_32' title="bbox 199 3459 1177 3536; baseline 0.004 -20"><span class='ocrx_word' id='word_1_241' title='bbox 199 3469 240 3521; x_wconf 79' lang='grc'><strong><em>17,</em></strong></span> <span class='ocrx_word' id='word_1_242' title='bbox 260 3459 368 3529; x_wconf 79' lang='grc' dir='ltr'><strong><em>ἄξονος</em></strong></span> <span class='ocrx_word' id='word_1_243' title='bbox 386 3466 431 3534; x_wconf 85' lang='lat' dir='ltr'><strong><em>W,</em></strong></span> <span class='ocrx_word' id='word_1_244' title='bbox 451 3483 520 3524; x_wconf 75' lang='grc' dir='ltr'><strong><em>οοιτ.</em></strong></span> <span class='ocrx_word' id='word_1_245' title='bbox 540 3485 576 3521; x_wconf 92' lang='lat' dir='ltr'><strong><em>m.</em></strong></span> <span class='ocrx_word' id='word_1_246' title='bbox 598 3471 621 3520; x_wconf 91' lang='lat'><strong><em>1.</em></strong></span> <span class='ocrx_word' id='word_1_247' title='bbox 696 3472 737 3520; x_wconf 89' lang='lat'><strong><em>18.</em></strong></span> <span class='ocrx_word' id='word_1_248' title='bbox 757 3461 806 3536; x_wconf 78' lang='grc' dir='ltr'><strong><em>ὡς]</em></strong></span> <span class='ocrx_word' id='word_1_249' title='bbox 826 3483 854 3534; x_wconf 82' lang='lat' dir='ltr'><strong><em>p,</em></strong></span> <span class='ocrx_word' id='word_1_250' title='bbox 873 3466 902 3518; x_wconf 89' lang='lat' dir='ltr'><strong><em>in</em></strong></span> <span class='ocrx_word' id='word_1_251' title='bbox 921 3466 1013 3535; x_wconf 80' lang='lat' dir='ltr'><strong>spatio</strong></span> <span class='ocrx_word' id='word_1_252' title='bbox 1030 3469 1045 3518; x_wconf 79' lang='grc'><strong>7</strong></span> <span class='ocrx_word' id='word_1_253' title='bbox 1064 3463 1122 3520; x_wconf 80' lang='lat' dir='ltr'><strong>litt.</strong></span> <span class='ocrx_word' id='word_1_254' title='bbox 1137 3483 1177 3520; x_wconf 90' lang='lat' dir='ltr'><strong><em>m.</em></strong></span> 
     </span>
    </p>
   </div>
   <div class='ocr_carea' id='block_1_4' title="bbox 0 0 1226 3892">
    <p class='ocr_par' dir='ltr' id='par_1_5' title="bbox 0 0 1226 3892">
     <span class='ocr_line' id='line_1_33' title="bbox 0 0 1226 3892; baseline 0 0"><span class='ocrx_word' id='word_1_255' title='bbox 0 0 1226 3892; x_wconf 95' lang='lat' dir='ltr'><strong><em> </em></strong></span> 
     </span>
    </p>
   </div>
  </div>
 </body>
</html>
