<?xml version="1.0" encoding="UTF-8"?>
<!DOCTYPE html PUBLIC "-//W3C//DTD XHTML 1.0 Transitional//EN"
    "http://www.w3.org/TR/xhtml1/DTD/xhtml1-transitional.dtd">
<html xmlns="http://www.w3.org/1999/xhtml" xml:lang="en" lang="en">
 <head>
  <title>
</title>
<meta http-equiv="Content-Type" content="text/html;charset=utf-8" />
  <meta name='ocr-system' content='tesseract 3.04.00' />
  <meta name='ocr-capabilities' content='ocr_page ocr_carea ocr_par ocr_line ocrx_word'/>
</head>
<body>
  <div class='ocr_page' id='page_1' title='image "./apolloniipergae01apolgoog_0260.png"; bbox 0 0 2444 3892; ppageno 0'>
   <div class='ocr_carea' id='block_1_1' title="bbox 144 135 873 203">
    <p class='ocr_par' dir='ltr' id='par_1_1' title="bbox 144 135 873 203">
     <span class='ocr_line' id='line_1_1' title="bbox 144 135 873 203; baseline -0.005 -5"><span class='ocrx_word' id='word_1_1' title='bbox 144 135 210 198; x_wconf 99' lang='grc'><strong><em>174</em></strong></span> <span class='ocrx_word' id='word_1_2' title='bbox 424 138 686 191; x_wconf 74' lang='lat' dir='ltr'><strong>cOMMENTAmA</strong></span> <span class='ocrx_word' id='word_1_3' title='bbox 703 140 873 203; x_wconf 70' lang='grc' dir='ltr'><strong><em>Απνεουε.</em></strong></span> 
     </span>
    </p>
   </div>
   <div class='ocr_carea' id='block_1_2' title="bbox 57 273 1166 2798">
    <p class='ocr_par' dir='ltr' id='par_1_2' title="bbox 57 273 1166 2798">
     <span class='ocr_line' id='line_1_2' title="bbox 144 273 1166 368; baseline 0.009 -26"><span class='ocrx_word' id='word_1_4' title='bbox 144 282 258 362; x_wconf 86' lang='grc' dir='ltr'><em>ΒΑΓ,</em></span> <span class='ocrx_word' id='word_1_5' title='bbox 293 275 355 346; x_wconf 83' lang='grc' dir='ltr'><strong><em>δύο</em></strong></span> <span class='ocrx_word' id='word_1_6' title='bbox 385 274 492 363; x_wconf 81' lang='grc' dir='ltr'><strong><em>ὀρθὰς</em></strong></span> <span class='ocrx_word' id='word_1_7' title='bbox 521 273 542 364; x_wconf 78' lang='grc' dir='ltr'><em>ἢ</em></span> <span class='ocrx_word' id='word_1_8' title='bbox 572 277 629 346; x_wconf 81' lang='grc' dir='ltr'><strong><em>διὰ</em></strong></span> <span class='ocrx_word' id='word_1_9' title='bbox 656 277 694 346; x_wconf 89' lang='grc' dir='ltr'><strong><em>τὸ</em></strong></span> <span class='ocrx_word' id='word_1_10' title='bbox 723 278 946 367; x_wconf 77' lang='grc' dir='ltr'><em>ὑπερβάλλειν</em></span> <span class='ocrx_word' id='word_1_11' title='bbox 969 277 1032 368; x_wconf 77' lang='grc' dir='ltr'><strong><em>τὴν</em></strong></span> <span class='ocrx_word' id='word_1_12' title='bbox 1058 291 1166 351; x_wconf 91' lang='grc' dir='ltr'><strong><em>ΔΕΖ</em></strong></span> 
     </span>
     <span class='ocr_line' id='line_1_3' title="bbox 144 379 1164 472; baseline 0.008 -24"><span class='ocrx_word' id='word_1_13' title='bbox 144 379 206 467; x_wconf 78' lang='grc' dir='ltr'><strong><em>την</em></strong></span> <span class='ocrx_word' id='word_1_14' title='bbox 229 381 385 470; x_wconf 79' lang='grc' dir='ltr'><strong><em>κορυφὴν</em></strong></span> <span class='ocrx_word' id='word_1_15' title='bbox 408 387 470 451; x_wconf 81' lang='grc' dir='ltr'><strong><em>τοῦ</em></strong></span> <span class='ocrx_word' id='word_1_16' title='bbox 493 383 606 452; x_wconf 98' lang='grc' dir='ltr'><strong><em>κώνου</em></strong></span> <span class='ocrx_word' id='word_1_17' title='bbox 629 383 686 452; x_wconf 85' lang='grc' dir='ltr'><strong><em>καὶ</em></strong></span> <span class='ocrx_word' id='word_1_18' title='bbox 705 390 903 472; x_wconf 78' lang='grc' dir='ltr'><strong><em>συμπίπτειν</em></strong></span> <span class='ocrx_word' id='word_1_19' title='bbox 921 389 961 472; x_wconf 74' lang='grc' dir='ltr'><strong><em>τῇ</em></strong></span> <span class='ocrx_word' id='word_1_20' title='bbox 976 392 1037 454; x_wconf 92' lang='grc' dir='ltr'><strong><em>ΓΑ</em></strong></span> <span class='ocrx_word' id='word_1_21' title='bbox 1058 388 1164 469; x_wconf 85' lang='grc' dir='ltr'><strong><em>ἐκτός.</em></strong></span> 
     </span>
     <span class='ocr_line' id='line_1_4' title="bbox 211 481 1164 581; baseline 0.008 -28"><span class='ocrx_word' id='word_1_22' title='bbox 211 488 272 554; x_wconf 79' lang='grc' dir='ltr'><strong><em>ἐὰν</em></strong></span> <span class='ocrx_word' id='word_1_23' title='bbox 291 489 328 556; x_wconf 72' lang='grc' dir='ltr'><strong><em>δὲ</em></strong></span> <span class='ocrx_word' id='word_1_24' title='bbox 347 487 530 574; x_wconf 78' lang='grc' dir='ltr'><strong><em>ὀξυγώνιος</em></strong></span> <span class='ocrx_word' id='word_1_25' title='bbox 548 481 569 577; x_wconf 78' lang='grc' dir='ltr'><em>ᾗ</em></span> <span class='ocrx_word' id='word_1_26' title='bbox 590 486 607 557; x_wconf 87' lang='grc' dir='ltr'>ὁ</span> <span class='ocrx_word' id='word_1_27' title='bbox 626 500 735 570; x_wconf 83' lang='grc' dir='ltr'><strong><em>κώνος</em></strong></span> <span class='ocrx_word' id='word_1_28' title='bbox 758 487 866 570; x_wconf 83' lang='grc' dir='ltr'><strong><em>ὀξείας</em></strong></span> <span class='ocrx_word' id='word_1_29' title='bbox 881 490 1039 577; x_wconf 92' lang='grc' dir='ltr'><strong><em>δηλονότι</em></strong></span> <span class='ocrx_word' id='word_1_30' title='bbox 1054 495 1164 581; x_wconf 76' lang='grc' dir='ltr'><strong><em>οὔσης</em></strong></span> 
     </span>
     <span class='ocr_line' id='line_1_5' title="bbox 143 591 1161 687; baseline 0.007 -27"><span class='ocrx_word' id='word_1_31' title='bbox 143 597 201 678; x_wconf 80' lang='grc' dir='ltr'><strong><em>τῆς</em></strong></span> <span class='ocrx_word' id='word_1_32' title='bbox 227 591 293 661; x_wconf 83' lang='grc' dir='ltr'><strong><em>ὑπὸ</em></strong></span> <span class='ocrx_word' id='word_1_33' title='bbox 318 601 431 681; x_wconf 85' lang='grc' dir='ltr'><em>ΒΑΓ,</em></span> <span class='ocrx_word' id='word_1_34' title='bbox 466 600 504 662; x_wconf 84' lang='grc' dir='ltr'><strong><em>αί</em></strong></span> <span class='ocrx_word' id='word_1_35' title='bbox 523 601 637 681; x_wconf 89' lang='grc' dir='ltr'><em>ΒΑΓ,</em></span> <span class='ocrx_word' id='word_1_36' title='bbox 657 603 756 663; x_wconf 87' lang='grc' dir='ltr'><strong><em>ΑΕΖ</em></strong></span> <span class='ocrx_word' id='word_1_37' title='bbox 785 601 918 664; x_wconf 82' lang='grc' dir='ltr'><strong><em>ἔσονται</em></strong></span> <span class='ocrx_word' id='word_1_38' title='bbox 947 595 1009 665; x_wconf 83' lang='grc' dir='ltr'><strong><em>δύο</em></strong></span> <span class='ocrx_word' id='word_1_39' title='bbox 1039 595 1161 687; x_wconf 84' lang='grc' dir='ltr'><strong><em>όρθτόν</em></strong></span> 
     </span>
     <span class='ocr_line' id='line_1_6' title="bbox 109 698 1160 788; baseline 0.01 -24"><span class='ocrx_word' id='word_1_40' title='bbox 109 716 125 763; x_wconf 79' lang='lat'>5</span> <span class='ocrx_word' id='word_1_41' title='bbox 145 698 335 781; x_wconf 77' lang='grc' dir='ltr'><strong><em>ἐλάσσονες·</em></strong></span> <span class='ocrx_word' id='word_1_42' title='bbox 359 699 444 770; x_wconf 75' lang='grc' dir='ltr'><strong><em>ὥστε</em></strong></span> <span class='ocrx_word' id='word_1_43' title='bbox 463 705 501 768; x_wconf 85' lang='grc' dir='ltr'><strong><em>αί</em></strong></span> <span class='ocrx_word' id='word_1_44' title='bbox 517 708 590 786; x_wconf 88' lang='grc' dir='ltr'><strong><em>ΕΖ,</em></strong></span> <span class='ocrx_word' id='word_1_45' title='bbox 605 707 673 769; x_wconf 93' lang='grc' dir='ltr'><strong><em>ΑΓ</em></strong></span> <span class='ocrx_word' id='word_1_46' title='bbox 691 701 930 788; x_wconf 81' lang='grc' dir='ltr'><strong><em>ἐκβαλλόμεναι</em></strong></span> <span class='ocrx_word' id='word_1_47' title='bbox 949 708 1160 788; x_wconf 85' lang='grc' dir='ltr'><strong><em>συμπεσοῦν-</em></strong></span> 
     </span>
     <span class='ocr_line' id='line_1_7' title="bbox 142 803 1163 894; baseline 0.005 -21"><span class='ocrx_word' id='word_1_48' title='bbox 142 833 197 873; x_wconf 85' lang='grc' dir='ltr'><strong><em>ται</em></strong></span> <span class='ocrx_word' id='word_1_49' title='bbox 217 803 439 893; x_wconf 76' lang='grc' dir='ltr'><strong><em>ὁπουδήποτε·</em></strong></span> <span class='ocrx_word' id='word_1_50' title='bbox 462 808 691 894; x_wconf 82' lang='grc' dir='ltr'><strong><em>προσαυξησαι</em></strong></span> <span class='ocrx_word' id='word_1_51' title='bbox 709 805 773 894; x_wconf 81' lang='grc' dir='ltr'><strong><em>γὰρ</em></strong></span> <span class='ocrx_word' id='word_1_52' title='bbox 794 806 941 893; x_wconf 86' lang='grc' dir='ltr'><strong><em>δύναμαι</em></strong></span> <span class='ocrx_word' id='word_1_53' title='bbox 959 806 1019 875; x_wconf 89' lang='grc' dir='ltr'><strong><em>τὸν</em></strong></span> <span class='ocrx_word' id='word_1_54' title='bbox 1034 819 1163 878; x_wconf 82' lang='grc' dir='ltr'><strong><em>κῶνον.</em></strong></span> 
     </span>
     <span class='ocr_line' id='line_1_8' title="bbox 145 906 1161 1002; baseline 0.006 -24"><span class='ocrx_word' id='word_1_55' title='bbox 145 917 235 980; x_wconf 83' lang='grc' dir='ltr'><strong><em>ἔσται</em></strong></span> <span class='ocrx_word' id='word_1_56' title='bbox 259 906 322 981; x_wconf 86' lang='grc' dir='ltr'><strong><em>οὖν</em></strong></span> <span class='ocrx_word' id='word_1_57' title='bbox 346 916 383 981; x_wconf 91' lang='grc' dir='ltr'><strong><em>ἐν</em></strong></span> <span class='ocrx_word' id='word_1_58' title='bbox 406 917 445 1001; x_wconf 77' lang='grc' dir='ltr'><strong><em>τη</em></strong></span> <span class='ocrx_word' id='word_1_59' title='bbox 470 914 648 1002; x_wconf 76' lang='grc' dir='ltr'><strong><em>ἐπιφανείᾳ</em></strong></span> <span class='ocrx_word' id='word_1_60' title='bbox 670 911 766 998; x_wconf 81' lang='grc' dir='ltr'><strong><em>τομή,</em></strong></span> <span class='ocrx_word' id='word_1_61' title='bbox 789 909 862 999; x_wconf 75' lang='grc' dir='ltr'><strong><em>ἥτις</em></strong></span> <span class='ocrx_word' id='word_1_62' title='bbox 884 920 1031 981; x_wconf 78' lang='grc' dir='ltr'><strong><em>καλεῖται</em></strong></span> <span class='ocrx_word' id='word_1_63' title='bbox 1056 920 1161 984; x_wconf 83' lang='grc' dir='ltr'><strong><em>ἐλλει-</em></strong></span> 
     </span>
     <span class='ocr_line' id='line_1_9' title="bbox 142 1016 1161 1106; baseline 0.002 -22"><span class='ocrx_word' id='word_1_64' title='bbox 142 1031 209 1104; x_wconf 80' lang='grc' dir='ltr'><strong><em>φις,</em></strong></span> <span class='ocrx_word' id='word_1_65' title='bbox 235 1018 321 1088; x_wconf 78' lang='grc' dir='ltr'><strong><em>οὕτω</em></strong></span> <span class='ocrx_word' id='word_1_66' title='bbox 345 1028 507 1105; x_wconf 79' lang='grc' dir='ltr'><strong><em>κληθεῖσα</em></strong></span> <span class='ocrx_word' id='word_1_67' title='bbox 530 1018 604 1105; x_wconf 77' lang='grc' dir='ltr'><strong><em>ἤτοι</em></strong></span> <span class='ocrx_word' id='word_1_68' title='bbox 629 1016 684 1085; x_wconf 81' lang='grc' dir='ltr'><strong><em>διὰ</em></strong></span> <span class='ocrx_word' id='word_1_69' title='bbox 709 1021 745 1085; x_wconf 85' lang='grc' dir='ltr'><strong><em>τὸ</em></strong></span> <span class='ocrx_word' id='word_1_70' title='bbox 770 1021 932 1086; x_wconf 79' lang='grc' dir='ltr'><strong><em>ἐλλείπειν</em></strong></span> <span class='ocrx_word' id='word_1_71' title='bbox 952 1020 1015 1087; x_wconf 85' lang='grc' dir='ltr'><strong><em>δύο</em></strong></span> <span class='ocrx_word' id='word_1_72' title='bbox 1035 1018 1161 1106; x_wconf 80' lang='grc' dir='ltr'><strong><em>ὀρθαῖς</em></strong></span> 
     </span>
     <span class='ocr_line' id='line_1_10' title="bbox 142 1121 1160 1213; baseline 0.006 -23"><span class='ocrx_word' id='word_1_73' title='bbox 142 1122 202 1204; x_wconf 79' lang='grc' dir='ltr'><strong><em>τὰς</em></strong></span> <span class='ocrx_word' id='word_1_74' title='bbox 219 1127 460 1213; x_wconf 81' lang='grc' dir='ltr'><strong><em>προειρημένας</em></strong></span> <span class='ocrx_word' id='word_1_75' title='bbox 477 1129 602 1210; x_wconf 89' lang='grc' dir='ltr'><strong><em>γωνίας</em></strong></span> <span class='ocrx_word' id='word_1_76' title='bbox 619 1123 640 1210; x_wconf 74' lang='grc' dir='ltr'>ἢ</span> <span class='ocrx_word' id='word_1_77' title='bbox 657 1121 714 1191; x_wconf 82' lang='grc' dir='ltr'><strong><em>διὰ</em></strong></span> <span class='ocrx_word' id='word_1_78' title='bbox 731 1127 768 1190; x_wconf 89' lang='grc' dir='ltr'><strong><em>τὸ</em></strong></span> <span class='ocrx_word' id='word_1_79' title='bbox 787 1122 848 1210; x_wconf 80' lang='grc' dir='ltr'><strong><em>την</em></strong></span> <span class='ocrx_word' id='word_1_80' title='bbox 864 1129 1012 1206; x_wconf 78' lang='grc' dir='ltr'><strong><em>ἔλλειψιν</em></strong></span> <span class='ocrx_word' id='word_1_81' title='bbox 1030 1127 1160 1195; x_wconf 88' lang='grc' dir='ltr'><strong><em>κόκλον</em></strong></span> 
     </span>
     <span class='ocr_line' id='line_1_11' title="bbox 90 1229 377 1317; baseline 0.024 -24"><span class='ocrx_word' id='word_1_82' title='bbox 90 1247 123 1294; x_wconf 91' lang='lat'><strong><em>10</em></strong></span> <span class='ocrx_word' id='word_1_83' title='bbox 143 1229 229 1298; x_wconf 81' lang='grc' dir='ltr'><strong><em>εἶναι</em></strong></span> <span class='ocrx_word' id='word_1_84' title='bbox 253 1235 377 1317; x_wconf 80' lang='grc' dir='ltr'><strong><em>ἐλλιπῆ.</em></strong></span> 
     </span>
     <span class='ocr_line' id='line_1_12' title="bbox 210 1329 1158 1424; baseline 0.001 -19"><span class='ocrx_word' id='word_1_85' title='bbox 210 1338 316 1418; x_wconf 80' lang='grc' dir='ltr'><strong><em>οὕτως</em></strong></span> <span class='ocrx_word' id='word_1_86' title='bbox 343 1336 405 1424; x_wconf 69' lang='grc' dir='ltr'><strong><em>μὲν</em></strong></span> <span class='ocrx_word' id='word_1_87' title='bbox 433 1329 496 1404; x_wconf 80' lang='grc' dir='ltr'><strong><em>οὖν</em></strong></span> <span class='ocrx_word' id='word_1_88' title='bbox 526 1339 561 1404; x_wconf 89' lang='grc' dir='ltr'><strong><em>οί</em></strong></span> <span class='ocrx_word' id='word_1_89' title='bbox 580 1335 718 1403; x_wconf 83' lang='grc' dir='ltr'><strong><em>παλαιοὶ</em></strong></span> <span class='ocrx_word' id='word_1_90' title='bbox 740 1335 946 1422; x_wconf 79' lang='grc' dir='ltr'><strong><em>ὑποθέμενοι</em></strong></span> <span class='ocrx_word' id='word_1_91' title='bbox 969 1333 1007 1402; x_wconf 86' lang='grc' dir='ltr'><strong><em>τό</em></strong></span> <span class='ocrx_word' id='word_1_92' title='bbox 1031 1338 1158 1424; x_wconf 83' lang='grc' dir='ltr'><strong><em>τέμνον</em></strong></span> 
     </span>
     <span class='ocr_line' id='line_1_13' title="bbox 57 1437 1157 1535; baseline 0 -25"><span class='ocrx_word' id='word_1_93' title='bbox 57 1529 60 1535; x_wconf 26' lang='lat'>¹</span> <span class='ocrx_word' id='word_1_94' title='bbox 141 1445 300 1511; x_wconf 87' lang='grc' dir='ltr'><strong><em>ἐπίπεδον</em></strong></span> <span class='ocrx_word' id='word_1_95' title='bbox 322 1442 360 1510; x_wconf 90' lang='grc' dir='ltr'><strong><em>τὸ</em></strong></span> <span class='ocrx_word' id='word_1_96' title='bbox 384 1443 440 1509; x_wconf 81' lang='grc' dir='ltr'><strong><em>διὰ</em></strong></span> <span class='ocrx_word' id='word_1_97' title='bbox 458 1444 518 1527; x_wconf 78' lang='grc' dir='ltr'><strong><em>τῆς</em></strong></span> <span class='ocrx_word' id='word_1_98' title='bbox 535 1447 632 1507; x_wconf 88' lang='grc' dir='ltr'><strong><em>ΔΕΖ</em></strong></span> <span class='ocrx_word' id='word_1_99' title='bbox 656 1439 740 1528; x_wconf 87' lang='grc' dir='ltr'><strong><em>πρὸς</em></strong></span> <span class='ocrx_word' id='word_1_100' title='bbox 758 1437 865 1527; x_wconf 74' lang='grc' dir='ltr'><strong><em>όρθόις</em></strong></span> <span class='ocrx_word' id='word_1_101' title='bbox 883 1445 923 1528; x_wconf 81' lang='grc' dir='ltr'><strong><em>τῇ</em></strong></span> <span class='ocrx_word' id='word_1_102' title='bbox 938 1448 1002 1508; x_wconf 88' lang='grc' dir='ltr'><strong><em>ΑΒ</em></strong></span> <span class='ocrx_word' id='word_1_103' title='bbox 1026 1448 1157 1532; x_wconf 80' lang='grc' dir='ltr'><strong><em>πλευρᾷ</em></strong></span> 
     </span>
     <span class='ocr_line' id='line_1_14' title="bbox 140 1545 1157 1633; baseline 0.003 -19"><span class='ocrx_word' id='word_1_104' title='bbox 140 1557 201 1615; x_wconf 85' lang='grc' dir='ltr'><strong><em>τοῦ</em></strong></span> <span class='ocrx_word' id='word_1_105' title='bbox 225 1550 281 1615; x_wconf 81' lang='grc' dir='ltr'><strong><em>διὰ</em></strong></span> <span class='ocrx_word' id='word_1_106' title='bbox 305 1557 365 1615; x_wconf 83' lang='grc' dir='ltr'><strong><em>τοῦ</em></strong></span> <span class='ocrx_word' id='word_1_107' title='bbox 389 1547 509 1628; x_wconf 77' lang='grc' dir='ltr'><strong><em>ἄξονος</em></strong></span> <span class='ocrx_word' id='word_1_108' title='bbox 531 1550 591 1615; x_wconf 85' lang='grc' dir='ltr'><strong><em>τοῦ</em></strong></span> <span class='ocrx_word' id='word_1_109' title='bbox 614 1545 727 1614; x_wconf 90' lang='grc' dir='ltr'><strong><em>κώνου</em></strong></span> <span class='ocrx_word' id='word_1_110' title='bbox 749 1546 918 1633; x_wconf 75' lang='grc' dir='ltr'><strong><em>τριγώνου</em></strong></span> <span class='ocrx_word' id='word_1_111' title='bbox 941 1548 996 1614; x_wconf 82' lang='grc' dir='ltr'><strong><em>καὶ</em></strong></span> <span class='ocrx_word' id='word_1_112' title='bbox 1015 1553 1063 1616; x_wconf 89' lang='grc' dir='ltr'><strong><em>ἐτι</em></strong></span> <span class='ocrx_word' id='word_1_113' title='bbox 1084 1553 1157 1617; x_wconf 94' lang='grc' dir='ltr'><strong><em>δια-</em></strong></span> 
     </span>
     <span class='ocr_line' id='line_1_15' title="bbox 141 1651 1156 1740; baseline 0.005 -22"><span class='ocrx_word' id='word_1_114' title='bbox 141 1651 269 1739; x_wconf 84' lang='grc' dir='ltr'><strong><em>φόρους</em></strong></span> <span class='ocrx_word' id='word_1_115' title='bbox 290 1651 370 1732; x_wconf 82' lang='grc' dir='ltr'><strong><em>τοὺς</em></strong></span> <span class='ocrx_word' id='word_1_116' title='bbox 391 1652 523 1731; x_wconf 87' lang='grc' dir='ltr'><strong><em>κώνους</em></strong></span> <span class='ocrx_word' id='word_1_117' title='bbox 542 1652 737 1740; x_wconf 74' lang='grc' dir='ltr'><strong><em>ἐθεώρησαν</em></strong></span> <span class='ocrx_word' id='word_1_118' title='bbox 754 1653 811 1719; x_wconf 82' lang='grc' dir='ltr'><strong><em>καὶ</em></strong></span> <span class='ocrx_word' id='word_1_119' title='bbox 830 1652 882 1718; x_wconf 80' lang='grc' dir='ltr'><strong><em>ἐπὶ</em></strong></span> <span class='ocrx_word' id='word_1_120' title='bbox 902 1651 1043 1722; x_wconf 83' lang='grc' dir='ltr'><strong><em>ἑκάστου</em></strong></span> <span class='ocrx_word' id='word_1_121' title='bbox 1063 1659 1156 1723; x_wconf 89' lang='grc' dir='ltr'><strong><em>ίδίαν</em></strong></span> 
     </span>
     <span class='ocr_line' id='line_1_16' title="bbox 88 1755 1153 1844; baseline 0.008 -24"><span class='ocrx_word' id='word_1_122' title='bbox 88 1772 120 1820; x_wconf 86' lang='lat'><strong><em>15</em></strong></span> <span class='ocrx_word' id='word_1_123' title='bbox 139 1756 259 1844; x_wconf 78' lang='grc' dir='ltr'><strong><em>τομήν·</em></strong></span> <span class='ocrx_word' id='word_1_124' title='bbox 292 1756 310 1825; x_wconf 88' lang='grc' dir='ltr'>ὁ</span> <span class='ocrx_word' id='word_1_125' title='bbox 339 1759 377 1826; x_wconf 79' lang='grc' dir='ltr'><strong><em>δέ</em></strong></span> <span class='ocrx_word' id='word_1_126' title='bbox 397 1757 619 1838; x_wconf 88' lang='grc' dir='ltr'><strong><em>Ἀπολλώνιος</em></strong></span> <span class='ocrx_word' id='word_1_127' title='bbox 644 1755 855 1844; x_wconf 80' lang='grc' dir='ltr'><strong><em>ὑποθέμενος</em></strong></span> <span class='ocrx_word' id='word_1_128' title='bbox 877 1759 939 1824; x_wconf 87' lang='grc' dir='ltr'><strong><em>τὸν</em></strong></span> <span class='ocrx_word' id='word_1_129' title='bbox 961 1761 1074 1827; x_wconf 84' lang='grc' dir='ltr'><strong><em>κώνου</em></strong></span> <span class='ocrx_word' id='word_1_130' title='bbox 1097 1761 1153 1828; x_wconf 82' lang='grc' dir='ltr'><strong><em>καὶ</em></strong></span> 
     </span>
     <span class='ocr_line' id='line_1_17' title="bbox 140 1860 1154 1956; baseline 0.004 -26"><span class='ocrx_word' id='word_1_131' title='bbox 140 1860 249 1950; x_wconf 79' lang='grc' dir='ltr'><strong><em>όρθὸν</em></strong></span> <span class='ocrx_word' id='word_1_132' title='bbox 272 1866 328 1932; x_wconf 83' lang='grc' dir='ltr'><strong><em>καὶ</em></strong></span> <span class='ocrx_word' id='word_1_133' title='bbox 352 1864 522 1953; x_wconf 87' lang='grc' dir='ltr'><strong><em>σκαληνὸν</em></strong></span> <span class='ocrx_word' id='word_1_134' title='bbox 544 1869 584 1955; x_wconf 78' lang='grc' dir='ltr'><strong><em>τῇ</em></strong></span> <span class='ocrx_word' id='word_1_135' title='bbox 610 1863 762 1956; x_wconf 78' lang='grc' dir='ltr'><strong><em>διαφόρῳ</em></strong></span> <span class='ocrx_word' id='word_1_136' title='bbox 786 1864 847 1932; x_wconf 80' lang='grc' dir='ltr'><strong><em>τοῦ</em></strong></span> <span class='ocrx_word' id='word_1_137' title='bbox 869 1864 1029 1931; x_wconf 73' lang='grc' dir='ltr'><strong><em>ἐπιπέδου</em></strong></span> <span class='ocrx_word' id='word_1_138' title='bbox 1046 1873 1154 1934; x_wconf 89' lang='grc' dir='ltr'><strong><em>κλίσει</em></strong></span> 
     </span>
     <span class='ocr_line' id='line_1_18' title="bbox 140 1970 697 2059; baseline 0.004 -22"><span class='ocrx_word' id='word_1_139' title='bbox 140 1970 325 2059; x_wconf 89' lang='grc' dir='ltr'><strong><em>διαφόρους</em></strong></span> <span class='ocrx_word' id='word_1_140' title='bbox 349 1974 482 2059; x_wconf 89' lang='grc' dir='ltr'><strong><em>ἐποίησε</em></strong></span> <span class='ocrx_word' id='word_1_141' title='bbox 504 1970 563 2052; x_wconf 84' lang='grc' dir='ltr'><strong><em>τόις</em></strong></span> <span class='ocrx_word' id='word_1_142' title='bbox 585 1970 697 2059; x_wconf 84' lang='grc' dir='ltr'><strong><em>τομός.</em></strong></span> 
     </span>
     <span class='ocr_line' id='line_1_19' title="bbox 207 2072 1154 2165; baseline 0 -20"><span class='ocrx_word' id='word_1_143' title='bbox 207 2083 289 2146; x_wconf 82' lang='grc' dir='ltr'><strong><em>ἔστω</em></strong></span> <span class='ocrx_word' id='word_1_144' title='bbox 317 2080 382 2165; x_wconf 80' lang='grc' dir='ltr'><strong><em>γὰρ</em></strong></span> <span class='ocrx_word' id='word_1_145' title='bbox 410 2080 512 2147; x_wconf 85' lang='grc' dir='ltr'><strong><em>πόλιν</em></strong></span> <span class='ocrx_word' id='word_1_146' title='bbox 542 2077 586 2159; x_wconf 86' lang='grc' dir='ltr'><strong><em>ώς</em></strong></span> <span class='ocrx_word' id='word_1_147' title='bbox 614 2079 667 2147; x_wconf 82' lang='grc' dir='ltr'><strong><em>ἐπὶ</em></strong></span> <span class='ocrx_word' id='word_1_148' title='bbox 693 2079 761 2144; x_wconf 82' lang='grc' dir='ltr'><strong><em>τών</em></strong></span> <span class='ocrx_word' id='word_1_149' title='bbox 786 2072 898 2142; x_wconf 77' lang='grc' dir='ltr'><strong><em>αὐτῶν</em></strong></span> <span class='ocrx_word' id='word_1_150' title='bbox 926 2076 1154 2164; x_wconf 77' lang='grc' dir='ltr'><strong><em>καταγραφῶν</em></strong></span> 
     </span>
     <span class='ocr_line' id='line_1_20' title="bbox 138 2178 1153 2270; baseline 0.003 -22"><span class='ocrx_word' id='word_1_151' title='bbox 138 2182 175 2249; x_wconf 90' lang='grc' dir='ltr'><strong><em>τὸ</em></strong></span> <span class='ocrx_word' id='word_1_152' title='bbox 198 2186 321 2270; x_wconf 88' lang='grc' dir='ltr'><strong><em>τέμνον</em></strong></span> <span class='ocrx_word' id='word_1_153' title='bbox 345 2186 503 2252; x_wconf 88' lang='grc' dir='ltr'><strong><em>ἐπίπεδον</em></strong></span> <span class='ocrx_word' id='word_1_154' title='bbox 527 2182 565 2249; x_wconf 89' lang='grc' dir='ltr'><strong><em>τὸ</em></strong></span> <span class='ocrx_word' id='word_1_155' title='bbox 590 2187 709 2265; x_wconf 85' lang='grc' dir='ltr'><em>ΚΕΛ,</em></span> <span class='ocrx_word' id='word_1_156' title='bbox 741 2178 838 2266; x_wconf 81' lang='grc' dir='ltr'><strong><em>κοινὴ</em></strong></span> <span class='ocrx_word' id='word_1_157' title='bbox 868 2179 905 2248; x_wconf 78' lang='grc' dir='ltr'><strong><em>δέ</em></strong></span> <span class='ocrx_word' id='word_1_158' title='bbox 933 2178 1039 2248; x_wconf 81' lang='grc' dir='ltr'><strong><em>αὐτοῦ</em></strong></span> <span class='ocrx_word' id='word_1_159' title='bbox 1067 2183 1153 2270; x_wconf 84' lang='grc' dir='ltr'><strong><em>τομὴ</em></strong></span> 
     </span>
     <span class='ocr_line' id='line_1_21' title="bbox 84 2281 1153 2376; baseline 0.005 -25"><span class='ocrx_word' id='word_1_160' title='bbox 84 2303 119 2351; x_wconf 79' lang='lat'><strong><em>20</em></strong></span> <span class='ocrx_word' id='word_1_161' title='bbox 137 2289 192 2355; x_wconf 82' lang='grc' dir='ltr'><strong><em>καὶ</em></strong></span> <span class='ocrx_word' id='word_1_162' title='bbox 215 2293 274 2376; x_wconf 76' lang='grc' dir='ltr'><strong><em>τῆς</em></strong></span> <span class='ocrx_word' id='word_1_163' title='bbox 296 2289 424 2376; x_wconf 77' lang='grc' dir='ltr'><strong><em>βάσεως</em></strong></span> <span class='ocrx_word' id='word_1_164' title='bbox 450 2292 510 2356; x_wconf 84' lang='grc' dir='ltr'><strong><em>τοῦ</em></strong></span> <span class='ocrx_word' id='word_1_165' title='bbox 534 2286 645 2354; x_wconf 89' lang='grc' dir='ltr'><strong><em>κώνου</em></strong></span> <span class='ocrx_word' id='word_1_166' title='bbox 668 2281 689 2370; x_wconf 80' lang='grc' dir='ltr'><strong><em>η</em></strong></span> <span class='ocrx_word' id='word_1_167' title='bbox 714 2291 831 2371; x_wconf 89' lang='grc' dir='ltr'><em>ΚΖΛ,</em></span> <span class='ocrx_word' id='word_1_168' title='bbox 859 2283 956 2371; x_wconf 80' lang='grc' dir='ltr'><strong><em>κοινὴ</em></strong></span> <span class='ocrx_word' id='word_1_169' title='bbox 985 2285 1023 2353; x_wconf 76' lang='grc' dir='ltr'><strong><em>δέ</em></strong></span> <span class='ocrx_word' id='word_1_170' title='bbox 1049 2289 1153 2356; x_wconf 87' lang='grc' dir='ltr'><strong><em>πόλιν</em></strong></span> 
     </span>
     <span class='ocr_line' id='line_1_22' title="bbox 138 2390 1153 2479; baseline 0.002 -19"><span class='ocrx_word' id='word_1_171' title='bbox 138 2391 243 2461; x_wconf 80' lang='grc' dir='ltr'><strong><em>αὐτοῦ</em></strong></span> <span class='ocrx_word' id='word_1_172' title='bbox 271 2399 330 2463; x_wconf 81' lang='grc' dir='ltr'><strong><em>τοῦ</em></strong></span> <span class='ocrx_word' id='word_1_173' title='bbox 359 2401 463 2461; x_wconf 87' lang='grc' dir='ltr'><strong><em>ΚΕΛ</em></strong></span> <span class='ocrx_word' id='word_1_174' title='bbox 490 2392 649 2460; x_wconf 84' lang='grc' dir='ltr'><strong><em>ἐπιπέδου</em></strong></span> <span class='ocrx_word' id='word_1_175' title='bbox 681 2390 736 2455; x_wconf 81' lang='grc' dir='ltr'><strong><em>καὶ</em></strong></span> <span class='ocrx_word' id='word_1_176' title='bbox 763 2401 825 2459; x_wconf 83' lang='grc' dir='ltr'><strong><em>τοῦ</em></strong></span> <span class='ocrx_word' id='word_1_177' title='bbox 853 2397 955 2458; x_wconf 90' lang='grc' dir='ltr'><strong><em>ΑΒΓ</em></strong></span> <span class='ocrx_word' id='word_1_178' title='bbox 981 2392 1153 2479; x_wconf 89' lang='grc' dir='ltr'><strong><em>τριγώνου</em></strong></span> 
     </span>
     <span class='ocr_line' id='line_1_23' title="bbox 137 2497 1153 2586; baseline -0.001 -18"><span class='ocrx_word' id='word_1_179' title='bbox 137 2497 157 2586; x_wconf 80' lang='grc' dir='ltr'><em>ἡ</em></span> <span class='ocrx_word' id='word_1_180' title='bbox 184 2508 261 2586; x_wconf 88' lang='grc' dir='ltr'><strong><em>ΕΖ,</em></strong></span> <span class='ocrx_word' id='word_1_181' title='bbox 294 2498 365 2584; x_wconf 74' lang='grc' dir='ltr'><strong><em>ἥτις</em></strong></span> <span class='ocrx_word' id='word_1_182' title='bbox 391 2499 447 2565; x_wconf 79' lang='grc' dir='ltr'><strong><em>καὶ</em></strong></span> <span class='ocrx_word' id='word_1_183' title='bbox 475 2497 653 2583; x_wconf 77' lang='grc' dir='ltr'><strong><em>διάμετρος</em></strong></span> <span class='ocrx_word' id='word_1_184' title='bbox 679 2501 827 2563; x_wconf 79' lang='grc' dir='ltr'><strong><em>καλεῖται</em></strong></span> <span class='ocrx_word' id='word_1_185' title='bbox 854 2500 913 2582; x_wconf 78' lang='grc' dir='ltr'><strong><em>τῆς</em></strong></span> <span class='ocrx_word' id='word_1_186' title='bbox 939 2501 1051 2583; x_wconf 79' lang='grc' dir='ltr'><strong><em>τομῆς.</em></strong></span> <span class='ocrx_word' id='word_1_187' title='bbox 1098 2500 1153 2567; x_wconf 83' lang='grc' dir='ltr'><strong><em>ἐπὶ</em></strong></span> 
     </span>
     <span class='ocr_line' id='line_1_24' title="bbox 136 2597 1152 2691; baseline 0 -19"><span class='ocrx_word' id='word_1_188' title='bbox 136 2617 254 2674; x_wconf 77' lang='grc' dir='ltr'><strong><em>πασῶν</em></strong></span> <span class='ocrx_word' id='word_1_189' title='bbox 274 2597 337 2672; x_wconf 82' lang='grc' dir='ltr'><strong><em>οὖν</em></strong></span> <span class='ocrx_word' id='word_1_190' title='bbox 355 2607 423 2671; x_wconf 81' lang='grc' dir='ltr'><strong><em>τών</em></strong></span> <span class='ocrx_word' id='word_1_191' title='bbox 442 2607 555 2689; x_wconf 82' lang='grc' dir='ltr'><strong><em>τομών</em></strong></span> <span class='ocrx_word' id='word_1_192' title='bbox 570 2598 765 2669; x_wconf 75' lang='grc' dir='ltr'><strong><em>ὑποτίθεται</em></strong></span> <span class='ocrx_word' id='word_1_193' title='bbox 779 2602 842 2688; x_wconf 84' lang='grc' dir='ltr'><strong><em>τὴν</em></strong></span> <span class='ocrx_word' id='word_1_194' title='bbox 858 2609 891 2668; x_wconf 88' lang='grc' dir='ltr'><strong><em>Κ</em></strong></span> <span class='ocrx_word' id='word_1_195' title='bbox 895 2609 926 2668; x_wconf 91' lang='grc' dir='ltr'><em>Λ</em></span> <span class='ocrx_word' id='word_1_196' title='bbox 944 2604 1028 2689; x_wconf 85' lang='grc' dir='ltr'><strong><em>πρὸς</em></strong></span> <span class='ocrx_word' id='word_1_197' title='bbox 1042 2601 1152 2691; x_wconf 76' lang='grc' dir='ltr'><strong><em>ὀρθὰς</em></strong></span> 
     </span>
     <span class='ocr_line' id='line_1_25' title="bbox 135 2706 1151 2798; baseline 0.001 -20"><span class='ocrx_word' id='word_1_198' title='bbox 135 2714 176 2798; x_wconf 76' lang='grc' dir='ltr'><strong><em>τῇ</em></strong></span> <span class='ocrx_word' id='word_1_199' title='bbox 200 2716 267 2777; x_wconf 93' lang='grc' dir='ltr'><strong><em>ΒΓ</em></strong></span> <span class='ocrx_word' id='word_1_200' title='bbox 284 2708 380 2796; x_wconf 74' lang='grc' dir='ltr'><strong><em>βρίσει</em></strong></span> <span class='ocrx_word' id='word_1_201' title='bbox 402 2719 464 2776; x_wconf 83' lang='grc' dir='ltr'><strong><em>τοῦ</em></strong></span> <span class='ocrx_word' id='word_1_202' title='bbox 487 2713 590 2776; x_wconf 92' lang='grc' dir='ltr'><strong><em>ΑΒΓ</em></strong></span> <span class='ocrx_word' id='word_1_203' title='bbox 607 2706 787 2794; x_wconf 90' lang='grc' dir='ltr'><strong><em>τριγώνου,</em></strong></span> <span class='ocrx_word' id='word_1_204' title='bbox 811 2706 930 2774; x_wconf 90' lang='grc' dir='ltr'><strong><em>λοιπὸν</em></strong></span> <span class='ocrx_word' id='word_1_205' title='bbox 955 2708 1010 2793; x_wconf 84' lang='grc' dir='ltr'><strong><em>δέ,</em></strong></span> <span class='ocrx_word' id='word_1_206' title='bbox 1035 2713 1065 2776; x_wconf 89' lang='grc' dir='ltr'><strong><em>εί</em></strong></span> <span class='ocrx_word' id='word_1_207' title='bbox 1088 2710 1151 2797; x_wconf 72' lang='grc' dir='ltr'><strong><em>μὲν</em></strong></span> 
     </span>
    </p>
   </div>
   <div class='ocr_carea' id='block_1_3' title="bbox 134 2966 1151 3479">
    <p class='ocr_par' dir='ltr' id='par_1_3' title="bbox 134 2966 1151 3396">
     <span class='ocr_line' id='line_1_26' title="bbox 207 2966 1151 3044; baseline 0.002 -18"><span class='ocrx_word' id='word_1_208' title='bbox 207 2978 232 3026; x_wconf 88' lang='grc'><strong><em>4.</em></strong></span> <span class='ocrx_word' id='word_1_209' title='bbox 252 2969 285 3025; x_wconf 82' lang='grc' dir='ltr'><strong><em>αἱ</em></strong></span> <span class='ocrx_word' id='word_1_210' title='bbox 300 2973 397 3042; x_wconf 90' lang='grc' dir='ltr'><em>ΒΑΓ]</em></span> <span class='ocrx_word' id='word_1_211' title='bbox 418 2989 471 3026; x_wconf 90' lang='lat' dir='ltr'><strong><em>om.</em></strong></span> <span class='ocrx_word' id='word_1_212' title='bbox 487 2973 561 3044; x_wconf 89' lang='lat' dir='ltr'><strong><em>Wp,</em></strong></span> <span class='ocrx_word' id='word_1_213' title='bbox 587 2989 657 3027; x_wconf 86' lang='lat' dir='ltr'>corr.</span> <span class='ocrx_word' id='word_1_214' title='bbox 677 2971 710 3026; x_wconf 92' lang='lat' dir='ltr'><strong><em>U.</em></strong></span> <span class='ocrx_word' id='word_1_215' title='bbox 783 2976 808 3025; x_wconf 93' lang='lat'><strong><em>5.</em></strong></span> <span class='ocrx_word' id='word_1_216' title='bbox 833 2966 981 3035; x_wconf 74' lang='grc' dir='ltr'><strong><em>ἐλάσσονες</em></strong></span> <span class='ocrx_word' id='word_1_217' title='bbox 1016 2991 1081 3036; x_wconf 85' lang='grc' dir='ltr'><strong><em>-ες</em></strong></span> <span class='ocrx_word' id='word_1_218' title='bbox 1101 2975 1151 3030; x_wconf 88' lang='lat' dir='ltr'><strong><em>ob-</em></strong></span> 
     </span>
     <span class='ocr_line' id='line_1_27' title="bbox 136 3017 1150 3126; baseline 0.002 -28"><span class='ocrx_word' id='word_1_219' title='bbox 136 3059 216 3098; x_wconf 82' lang='lat' dir='ltr'><strong>scuro</strong></span> <span class='ocrx_word' id='word_1_220' title='bbox 236 3058 326 3110; x_wconf 81' lang='lat' dir='ltr'><strong>comp.</strong></span> <span class='ocrx_word' id='word_1_221' title='bbox 371 3017 561 3111; x_wconf 82' lang='grc' dir='ltr'><strong><em>,ἐλαστονος</em></strong></span> <span class='ocrx_word' id='word_1_222' title='bbox 567 3044 612 3098; x_wconf 89' lang='lat' dir='ltr'>W</span> <span class='ocrx_word' id='word_1_223' title='bbox 694 3036 778 3112; x_wconf 83' lang='grc' dir='ltr'><strong><em>όόστε]</em></strong></span> <span class='ocrx_word' id='word_1_224' title='bbox 797 3041 908 3126; x_wconf 76' lang='lat' dir='ltr'><strong>scripsi;</strong></span> <span class='ocrx_word' id='word_1_225' title='bbox 927 3060 957 3096; x_wconf 86' lang='grc' dir='ltr'><strong><em>τε</em></strong></span> <span class='ocrx_word' id='word_1_226' title='bbox 1017 3061 1045 3112; x_wconf 89' lang='lat' dir='ltr'>p</span> <span class='ocrx_word' id='word_1_227' title='bbox 1123 3052 1150 3100; x_wconf 89' lang='lat'><strong><em>8.</em></strong></span> 
     </span>
     <span class='ocr_line' id='line_1_28' title="bbox 135 3061 1148 3199; baseline 0.002 -31"><span class='ocrx_word' id='word_1_228' title='bbox 135 3110 329 3184; x_wconf 62' lang='grc' dir='ltr'><strong><em>όρθαῑςᾙοτλ.</em></strong></span> <span class='ocrx_word' id='word_1_229' title='bbox 341 3061 445 3183; x_wconf 61' lang='grc' dir='ltr'><strong><em>δρλλών.</em></strong></span> <span class='ocrx_word' id='word_1_230' title='bbox 507 3121 548 3170; x_wconf 88' lang='grc'><strong><em>10</em></strong></span> <span class='ocrx_word' id='word_1_231' title='bbox 565 3111 731 3181; x_wconf 72' lang='grc' dir='ltr'><strong><em>ἐλλειπηλΝ.</em></strong></span> <span class='ocrx_word' id='word_1_232' title='bbox 788 3118 829 3165; x_wconf 94' lang='grc'><strong><em>11.</em></strong></span> <span class='ocrx_word' id='word_1_233' title='bbox 845 3130 960 3194; x_wconf 76' lang='grc' dir='ltr'><strong><em>ουτωφ.</em></strong></span> <span class='ocrx_word' id='word_1_234' title='bbox 1016 3120 1063 3195; x_wconf 93' lang='grc'><strong><em>14.</em></strong></span> <span class='ocrx_word' id='word_1_235' title='bbox 1080 3112 1148 3199; x_wconf 88' lang='grc' dir='ltr'><strong><em>ἐπί]</em></strong></span> 
     </span>
     <span class='ocr_line' id='line_1_29' title="bbox 136 3135 1150 3264; baseline 0.003 -25"><span class='ocrx_word' id='word_1_236' title='bbox 136 3135 201 3239; x_wconf 84' lang='grc' dir='ltr'><strong><em>ἐπεί</em></strong></span> <span class='ocrx_word' id='word_1_237' title='bbox 217 3186 285 3253; x_wconf 89' lang='lat' dir='ltr'><strong><em>Wp,</em></strong></span> <span class='ocrx_word' id='word_1_238' title='bbox 305 3200 373 3240; x_wconf 84' lang='lat' dir='ltr'>corr.</span> <span class='ocrx_word' id='word_1_239' title='bbox 390 3184 550 3241; x_wconf 70' lang='lat' dir='ltr'>command.</span> <span class='ocrx_word' id='word_1_240' title='bbox 572 3187 667 3257; x_wconf 84' lang='lat' dir='ltr'>(„in⁴⁴)</span> <span class='ocrx_word' id='word_1_241' title='bbox 742 3186 783 3236; x_wconf 88' lang='lat'><strong><em>15</em></strong></span> <span class='ocrx_word' id='word_1_242' title='bbox 802 3176 864 3252; x_wconf 88' lang='grc' dir='ltr'><strong><em>τόν]</em></strong></span> <span class='ocrx_word' id='word_1_243' title='bbox 884 3182 995 3264; x_wconf 78' lang='lat' dir='ltr'><strong>serips13</strong></span> <span class='ocrx_word' id='word_1_244' title='bbox 1014 3183 1045 3239; x_wconf 87' lang='lat' dir='ltr'><strong><em>in</em></strong></span> <span class='ocrx_word' id='word_1_245' title='bbox 1063 3185 1127 3240; x_wconf 96' lang='lat' dir='ltr'>W</span> <span class='ocrx_word' id='word_1_246' title='bbox 1118 3206 1150 3242; x_wconf 87' lang='lat' dir='ltr'>m</span> 
     </span>
     <span class='ocr_line' id='line_1_30' title="bbox 135 3251 1149 3338; baseline 0.001 -28"><span class='ocrx_word' id='word_1_247' title='bbox 135 3259 204 3310; x_wconf 81' lang='lat' dir='ltr'>extr.</span> <span class='ocrx_word' id='word_1_248' title='bbox 219 3272 284 3324; x_wconf 82' lang='lat' dir='ltr'><strong><em>pag.</em></strong></span> <span class='ocrx_word' id='word_1_249' title='bbox 303 3258 389 3338; x_wconf 74' lang='grc' dir='ltr'><strong><em>οοορλ</em></strong></span> <span class='ocrx_word' id='word_1_250' title='bbox 406 3256 530 3326; x_wconf 77' lang='lat' dir='ltr'><strong>spatium</strong></span> <span class='ocrx_word' id='word_1_251' title='bbox 549 3263 565 3310; x_wconf 89' lang='lat'>8</span> <span class='ocrx_word' id='word_1_252' title='bbox 585 3258 649 3322; x_wconf 67' lang='lat' dir='ltr'>litt.</span> <span class='ocrx_word' id='word_1_253' title='bbox 668 3251 750 3308; x_wconf 79' lang='lat' dir='ltr'>initio</span> <span class='ocrx_word' id='word_1_254' title='bbox 769 3252 911 3320; x_wconf 76' lang='lat' dir='ltr'>sequentis</span> <span class='ocrx_word' id='word_1_255' title='bbox 932 3258 977 3322; x_wconf 78' lang='lat'><strong><em>1⁰3</em></strong></span> <span class='ocrx_word' id='word_1_256' title='bbox 997 3255 1027 3309; x_wconf 90' lang='lat' dir='ltr'><strong><em>in</em></strong></span> <span class='ocrx_word' id='word_1_257' title='bbox 1045 3273 1065 3324; x_wconf 94' lang='lat' dir='ltr'><strong>p</strong></span> <span class='ocrx_word' id='word_1_258' title='bbox 1084 3273 1149 3326; x_wconf 78' lang='lat' dir='ltr'><strong>spa-</strong></span> 
     </span>
     <span class='ocr_line' id='line_1_31' title="bbox 134 3297 1146 3396; baseline 0.001 -16"><span class='ocrx_word' id='word_1_259' title='bbox 134 3327 205 3380; x_wconf 77' lang='lat' dir='ltr'><strong>tium</strong></span> <span class='ocrx_word' id='word_1_260' title='bbox 220 3329 313 3395; x_wconf 73' lang='lat' dir='ltr'>uacat,</span> <span class='ocrx_word' id='word_1_261' title='bbox 329 3327 406 3382; x_wconf 87' lang='lat' dir='ltr'><strong>cuius</strong></span> <span class='ocrx_word' id='word_1_262' title='bbox 419 3331 528 3396; x_wconf 81' lang='lat' dir='ltr'><strong>partem</strong></span> <span class='ocrx_word' id='word_1_263' title='bbox 544 3297 655 3382; x_wconf 60' lang='lat' dir='ltr'><strong>obtine’t</strong></span> <span class='ocrx_word' id='word_1_264' title='bbox 668 3326 770 3394; x_wconf 75' lang='lat' dir='ltr'>figura3</span> <span class='ocrx_word' id='word_1_265' title='bbox 785 3324 896 3392; x_wconf 79' lang='lat' dir='ltr'>signum</span> <span class='ocrx_word' id='word_1_266' title='bbox 910 3323 1027 3380; x_wconf 77' lang='lat' dir='ltr'>lacunae</span> <span class='ocrx_word' id='word_1_267' title='bbox 1038 3326 1102 3383; x_wconf 80' lang='lat' dir='ltr'><strong><em>add</em></strong></span> <span class='ocrx_word' id='word_1_268' title='bbox 1112 3327 1146 3383; x_wconf 90' lang='lat' dir='ltr'>U</span> 
     </span>
    </p>

    <p class='ocr_par' dir='ltr' id='par_1_4' title="bbox 172 3394 1147 3479">
     <span class='ocr_line' id='line_1_32' title="bbox 172 3394 1147 3479; baseline 0 -28"><span class='ocrx_word' id='word_1_269' title='bbox 172 3404 212 3451; x_wconf 87' lang='lat'><strong><em>16.</em></strong></span> <span class='ocrx_word' id='word_1_270' title='bbox 233 3394 329 3465; x_wconf 83' lang='grc' dir='ltr'><strong><em>κλητει</em></strong></span> <span class='ocrx_word' id='word_1_271' title='bbox 347 3397 391 3479; x_wconf 92' lang='lat' dir='ltr'>W</span> <span class='ocrx_word' id='word_1_272' title='bbox 453 3404 494 3454; x_wconf 92' lang='grc'><strong><em>17.</em></strong></span> <span class='ocrx_word' id='word_1_273' title='bbox 514 3396 645 3466; x_wconf 79' lang='grc' dir='ltr'><strong><em>ἐποίησεν</em></strong></span> <span class='ocrx_word' id='word_1_274' title='bbox 665 3395 710 3452; x_wconf 92' lang='lat' dir='ltr'><strong><em>W.</em></strong></span> <span class='ocrx_word' id='word_1_275' title='bbox 770 3399 814 3447; x_wconf 77' lang='lat'><strong><em>22.</em></strong></span> <span class='ocrx_word' id='word_1_276' title='bbox 833 3395 922 3447; x_wconf 88' lang='grc' dir='ltr'><strong><em>ΕΖΗ</em></strong></span> <span class='ocrx_word' id='word_1_277' title='bbox 938 3396 1042 3457; x_wconf 72' lang='lat' dir='ltr'><strong><em>neW</em></strong></span> <span class='ocrx_word' id='word_1_278' title='bbox 1103 3403 1147 3454; x_wconf 75' lang='lat'><strong><em>23.</em></strong></span> 
     </span>
    </p>
   </div>
   <div class='ocr_carea' id='block_1_4' title="bbox 134 3418 878 3539">
    <p class='ocr_par' dir='ltr' id='par_1_5' title="bbox 134 3418 878 3539">
     <span class='ocr_line' id='line_1_33' title="bbox 134 3418 878 3539; baseline 0.001 -17"><span class='ocrx_word' id='word_1_279' title='bbox 134 3468 244 3538; x_wconf 80' lang='grc' dir='ltr'><strong><em>πασῶν]</em></strong></span> <span class='ocrx_word' id='word_1_280' title='bbox 266 3467 373 3538; x_wconf 82' lang='lat' dir='ltr'><strong>scripsi,</strong></span> <span class='ocrx_word' id='word_1_281' title='bbox 392 3469 478 3523; x_wconf 83' lang='grc' dir='ltr'><strong><em>πλέον</em></strong></span> <span class='ocrx_word' id='word_1_282' title='bbox 497 3468 566 3539; x_wconf 83' lang='lat' dir='ltr'><strong><em>Wp,</em></strong></span> <span class='ocrx_word' id='word_1_283' title='bbox 579 3418 750 3532; x_wconf 73' lang='grc' dir='ltr'><strong><em>παντωνῌ)</em></strong></span> <span class='ocrx_word' id='word_1_284' title='bbox 769 3479 825 3530; x_wconf 80' lang='lat' dir='ltr'><strong><em>mg</em></strong></span> <span class='ocrx_word' id='word_1_285' title='bbox 845 3462 878 3517; x_wconf 83' lang='lat' dir='ltr'>U</span> 
     </span>
    </p>
   </div>
   <div class='ocr_carea' id='block_1_5' title="bbox 0 0 1226 3892">
    <p class='ocr_par' dir='ltr' id='par_1_6' title="bbox 0 0 1226 3892">
     <span class='ocr_line' id='line_1_34' title="bbox 0 0 1226 3892; baseline 0 4"><span class='ocrx_word' id='word_1_286' title='bbox 0 0 1226 3892; x_wconf 95' lang='lat' dir='ltr'><strong><em> </em></strong></span> 
     </span>
    </p>
   </div>
  </div>
 </body>
</html>
