2444 3892
474 163 751 216 PROLEGOMENA.
1035 161 1123 218 LXXI

109 299 217 356 satione
236 303 350 357 ornatae
369 303 526 372 complures
544 303 655 356 exstant
669 300 789 370 codices,
807 318 927 371 quorum
941 301 1064 370 optimus
1079 304 1124 356 est

110 379 172 435 cod.
194 379 365 436 Bodleianus
394 387 445 436 943
473 399 546 437 anno
577 386 645 437 1301
675 397 691 435 3
720 377 816 435 codice
843 380 1024 437 Naaireddini
1053 382 1122 436 Tusi

109 476 183 514 anno
208 465 275 515 1948
293 460 372 516 finito
391 461 555 532 descriptus.
593 460 658 516 inde
677 459 832 530 descriptus
851 463 895 515 est
913 464 942 517 31
960 462 1021 518 cod.
1039 461 1120 516 Bodl.

110 543 162 594 885
186 542 318 609 (31696)
337 542 366 595 31
384 542 443 595 cod.
459 543 547 610 Lngd.
566 541 629 596 Bat.
649 546 683 594 14
706 539 753 610 (ab
773 540 870 594 eodem
888 541 1002 596 librario
1022 542 1121 596 eodem

109 634 183 672 anno
202 619 334 688 scriptus,
358 637 384 674 3.
403 619 503 675 Nixius
525 640 553 691 p.
568 623 609 691 4);
634 620 778 675 continent
799 618 885 674 libros
904 618 1019 674 V-VII
1038 621 1120 676 solos.

107 699 254 766 praeterea
276 699 337 754 cod.
359 699 441 753 Bodl.
461 705 512 755 930
536 699 743 769 propositiones
766 699 840 753 solas
862 699 962 754 horum
984 699 1122 753 librorum

108 777 243 832 continet.

179 856 452 927 interpretationem,
473 872 557 924 quarn
576 857 863 924 commemorauimus,
877 854 907 910 in
925 856 1121 927 compendium

107 934 219 1004 redegit
237 935 340 1001 medio,
359 936 392 987 ut
405 936 526 1003 uidetur,
545 934 656 989 saeculo
670 935 723 988 XII
736 933 930 989 Abul-Hosein
943 935 1121 990 Abdelmclik

108 1012 160 1067 ibn
174 1014 352 1069 Mohammed
372 1011 545 1082 el-Sohirazi,
564 1014 638 1081 quod
658 1012 688 1068 in
707 1015 767 1069 cod.
781 1012 934 1068 Bodleiano
949 1020 1000 1068 913
1015 1015 1121 1080 exstat;

109 1093 169 1147 eius
189 1093 382 1162 apographum
402 1096 445 1147 est
463 1092 524 1150 cod.
543 1093 633 1162 Lngd.
653 1091 752 1148 Batou.
767 1098 831 1159 6133
850 1092 926 1146 idem
946 1108 1016 1163 opus
1036 1092 1122 1146 etiam

111 1173 190 1227 codd.
210 1170 289 1226 Bodl.
310 1176 361 1224 987
380 1175 478 1226 31988
498 1171 611 1239 habent,
630 1171 703 1226 alter
720 1172 838 1243 textum,
859 1171 931 1227 alter
948 1173 1030 1226 notas
1049 1185 1122 1225 mar·

105 1250 215 1321 ginales
243 1250 377 1305 librorum
395 1249 509 1304 V-VII
531 1251 597 1321 (Nix
615 1269 643 1319 p.
658 1253 693 1319 6).
724 1251 830 1307 editum
854 1254 898 1307 331
920 1269 938 1306 a
962 1251 1122 1306 Christiano

106 1330 197 1384 Rauio
213 1329 315 1399 (Kiliae
329 1331 415 1399 1660).
446 1329 581 1384 librorum
593 1329 709 1384 V-VIl
722 1331 920 1401 compendium
932 1330 980 1386 ucl
994 1328 1122 1385 recensio

105 1425 180 1464 anno
200 1412 251 1464 983
271 1409 306 1463 ab
326 1408 463 1464 Abulfath
482 1409 531 1463 ibn
549 1410 729 1465 Mohammed
747 1410 931 1479 Ispahanensi
950 1411 1078 1467 confecta
1092 1409 1122 1464 in

105 1486 336 1543 codd.Lau1-ent.
360 1494 412 1542 970
436 1492 465 1543 31
487 1493 539 1543 975
563 1491 655 1544 exstat
678 1491 798 1546 313333
818 1496 886 1546 1661
906 1489 1066 1546 Florentiae
1085 1487 1120 1544 ab

105 1567 267 1622 Abrahamo
287 1566 447 1622 Echellensi
465 1569 494 1622 31
511 1568 615 1623 Ioanne
633 1569 778 1638 Alphonso
797 1569 902 1624 Borelli
922 1571 999 1626 edita
1017 1573 1066 1625 est.

176 1646 317 1700 Persicam
344 1647 536 1702 recensionem
564 1649 691 1703 33311331
718 1650 778 1705 cod.
807 1649 938 1705 Laurent.
968 1656 1033 1716 996,
1061 1648 1120 1703 alia

104 1724 216 1781 Persica
233 1725 270 1780 ad
289 1726 469 1794 Apollonium
487 1725 658 1795 pertinentia
675 1730 755 1784 codd.
774 1729 855 1785 Laur.
875 1736 927 1786 988
947 1732 1050 1785 31308.
1084 1729 1118 1781 03

106 1805 215 1860 duobus
238 1804 302 1860 aliia
326 1807 468 1861 codicibus
491 1824 517 1861 u.
542 1806 641 1861 Nixius
665 1826 692 1876 p.
712 1813 728 1861 8
752 1809 781 1862 31
803 1809 837 1862 de
861 1808 962 1864 ceteris
987 1807 1119 1879 operibns

104 1883 234 1939 Arabicis
257 1883 438 1953 Apollonium
461 1885 651 1940 tractantibus
675 1885 809 1940 Wenrich
832 1889 873 1941 De
896 1889 1000 1941 auctor.
1021 1885 1118 1939 Graec.

103 1962 254 2018 versionib.
274 1966 302 2018 31
320 1967 469 2020 comment.
484 1964 606 2034 Syriacis
619 1963 749 2018 Arabicis
768 1967 819 2018 etc.
834 1984 861 2034 p.
876 1970 929 2018 909
944 1981 995 2032 sq,
1012 1982 1041 2033 p.
1056 1968 1117 2017 309.

181 2043 215 2098 (13
235 2043 429 2114 discrepantiis
448 2043 574 2098 codicum
590 2042 773 2098 Arabioornm
786 2041 816 2097 in
830 2041 1039 2097 definitionibus
1053 2041 1120 2095 libri

102 2122 189 2193 primi
214 2126 243 2178 ct
270 2124 290 2191 I,
310 2128 414 2178 11-19
443 2124 513 2179 haec
540 2139 649 2178 mecum
676 2122 877 2178 beneuolenter
902 2119 1121 2176 communicauit

102 2202 203 2257 Nixius
226 2203 261 2272 (A
286 2202 426 2271 significat
448 2203 644 2273 compendium
668 2200 881 2270 Abdelmelikii,
905 2201 935 2254 M
952 2201 1119 2272 interpreter

102 2281 212 2338 tionem
237 2281 399 2337 auctoribus
426 2281 492 2336 filiis
515 2281 612 2336 Musae
641 2281 810 2350 confectam
837 2282 867 2337 in
890 2298 988 2352 propp.
1013 2287 1117 2336 11-19

101 2360 174 2417 illud
192 2363 303 2416 tantum
323 2360 459 2416 collatum
478 2364 544 2432 sst):

174 2441 187 2494 I
205 2460 233 2511 p.
248 2447 304 2508 6,5
328 2445 393 2511 post
416 2443 533 2512 σημείου
556 2441 620 2496 add.
645 2442 704 2510 „ita
727 2443 760 2495 ut
781 2441 875 2496 locum
899 2459 980 2496 suum
1000 2459 1057 2497 non
1076 2457 1117 2496 rs·

99 2519 231 2589 linquar
248 2519 286 2589 Μ,

173 2600 187 2653 I
204 2619 230 2670 p.
247 2606 271 2667 6,
288 2607 302 2655 'l
327 2593 400 2655 ὅθεν
423 2597 526 2668 ἤρξατο
548 2600 704 2670 φέρεσθαι]
727 2617 780 2656 om.
800 2599 833 2669 A,
854 2606 869 2654 7
888 2597 939 2668 τὴν
957 2604 1117 2669 γραφεῖσαν

101 2710 136 2720 -
157 2686 172 2733 9
192 2679 344 2750 κειμένων]
363 2681 509 2747 utramque
528 2679 713 2750 superficiem,
732 2696 816 2747 quam
834 2680 912 2733 recta
930 2695 993 2733 cum
1011 2680 1117 2748 puncto

100 2757 277 2814 transitionis
305 2758 494 2814 circumducta
522 2759 668 2828 describit,
697 2760 727 2814 et
751 2775 868 2827 quarum
893 2761 1009 2826 utraque
1034 2757 1117 2812 alteri

99 2837 231 2908 opposita
250 2839 294 2892 est
313 2839 379 2906 AM,

173 2916 186 2970 Ι
204 2936 231 2987 p.
247 2923 271 2986 6,
288 2922 320 2972 19
341 2913 439 2988 αὐτῆς]
456 2917 601 2987 utriusque
621 2918 776 2988 superficiei
791 2918 904 2973 conicae
918 2915 986 2984 AM,
1004 2917 1068 2985 post
1081 2913 1115 2970 δέ

99 2998 165 3053 add.
185 2996 360 3067 „superficiei
378 2996 511 3052 oonioae“
527 2996 596 3066 AM,

173 3076 186 3129 Ι
203 3095 231 3146 p.
247 3083 270 3144 6,
287 3081 319 3130 16
338 3077 389 3130 τοῦ
408 3071 513 3130 aiaton
531 3077 726 3148 περιφερείας]
746 3094 799 3132 om.
819 3077 852 3144 A,

173 3156 186 3209 I
205 3175 232 3226 p.
247 3164 272 3224 6,
289 3162 322 3210 18
341 3156 407 3225 post
424 3156 456 3210 61
477 3158 588 3225 etpost
606 3157 734 3227 κορυφῇς
754 3155 817 3210 add.
837 3155 936 3224 „coni“
953 3153 1021 3223 AM,

172 3236 186 3288 1
203 3253 230 3304 p.
246 3241 271 3303 6,
287 3242 319 3289 19
338 3238 404 3304 post
422 3231 454 3289 de'
473 3234 536 3289 add.
556 3234 655 3303 „coni“
673 3235 740 3302 AM,

172 3314 230 3385 lp.
246 3318 270 3382 6,
290 3320 323 3367 91
343 3311 410 3377 τούς
428 3312 465 3385 μή
486 3344 519 3354 -
539 3320 572 3368 99
592 3310 710 3385 ἄξονας]
729 3315 753 3369 si
772 3315 824 3368 hoc
842 3331 898 3368 non
918 3313 959 3368 ita
978 3317 1020 3369 est
1037 3315 1071 3384 A,

171 3396 231 3463 lp.
246 3400 270 3462 6,
286 3398 320 3447 94
339 3389 407 3465 sind]
427 3411 444 3449 3
461 3395 566 3462 puncto
586 3394 680 3462 aliquo
699 3392 766 3460 AM,

170 3473 184 3527 1
202 3492 229 3543 p.
244 3480 268 3542 6,
284 3478 318 3527 96
337 3481 401 3543 post
418 3475 548 3544 γραμμῆς
565 3474 629 3529 add.
650 3472 697 3541 „in
715 3472 800 3542 plano
820 3472 897 3527 eius“
915 3473 952 3542 M,
