2444 3892
414 139 627 192 CONICORUM
645 141 754 192 LIBER
771 139 819 196 lv.
1076 142 1126 206 95.

173 301 250 365 ergo
265 280 301 344 in
311 281 470 362 omnibus,
485 285 566 368 quse
576 283 753 369 excogitari
762 285 908 369 possunt,
921 283 1119 350 distributio·

103 387 204 452 nibus
227 387 432 472 propositum
454 409 494 453 ex
517 388 745 456 demonstretis
770 389 904 475 adparet
912 387 946 476 ¹).

563 636 665 705 LVII.

171 756 208 823 'Si
235 760 404 843 oppositae
433 761 599 844 oppositas
627 761 663 824 in
691 756 816 826 duobus
843 762 972 845 punctis
996 764 1118 829 contin·

103 866 199 950 gunt,
222 865 256 928 in
276 865 340 930 alio
364 870 484 950 puncto
508 889 574 932 non
599 870 797 932 concurrent.

172 971 237 1035 sint
265 973 434 1056 oppositae
461 977 541 1057 AB,
560 975 592 1036 Γ
588 977 621 1036 A
649 977 681 1038 et
710 974 830 1038 alterae
858 975 931 1058 ΑΓ,
949 977 1026 1058 ΕΖ,
1052 975 1116 1058 pri-

103 1098 194 1141 mum
218 1079 340 1162 eutem,
366 1079 459 1144 utin
481 1080 587 1163 prima
609 1079 727 1164 figura,
750 1081 784 1144 in
807 1084 847 1163 A,
866 1083 897 1144 Γ
917 1081 1117 1165 contingant.

172 1184 326 1266 quoniam
349 1185 450 1270 igitur
472 1187 542 1249 ΑΓ
560 1189 730 1270 utramque
753 1190 832 1272 AB,
847 1190 879 1251 Γ
876 1191 909 1250 A
931 1187 965 1251 in
988 1186 1116 1270 punctis

101 1291 150 1373 A,
168 1290 201 1352 Γ
224 1291 397 1375 contingit,
424 1293 488 1355 ΕΖ
517 1312 589 1356 cum
614 1295 729 1357 neutra
753 1294 933 1358 sectionum
955 1297 1035 1378 AB,
1054 1295 1134 1356 ΓΔ’

102 1399 270 1461 concurret
294 1399 397 1481 [prop.
421 1397 477 1478 Li]
501 1396 526 1484 ).
1147 1400 1153 1408 '

169 2332 235 2396 iam
267 2329 471 2415 contingant,
502 2332 539 2393 ut
570 2329 604 2392 in
635 2328 740 2412 figura
768 2326 916 2393 secunda.
966 2327 1115 2393 similiter

102 2438 206 2524 igitur
233 2436 540 2518 demonstrabimus,
568 2437 600 2498 Γ
597 2439 630 2498 A
656 2457 729 2500 cum
751 2439 815 2499 ΕΖ
836 2456 905 2499 non
927 2456 1114 2503 concurrere

104 2544 209 2630 [prop.
231 2540 322 2622 LIII]
334 2539 370 2626 3).

169 2650 235 2712 iam
258 2670 345 2731 uere,
369 2648 452 2727 sicut
469 2648 505 2711 in
522 2647 620 2712 tertia
638 2647 751 2732 figura,
774 2650 835 2711 ΓΑ
854 2647 1028 2712 sectionem
1048 2651 1113 2712 AB
1129 2648 1132 2653 ’

102 2756 137 2820 in
155 2761 187 2820 A
206 2755 382 2840 contingat,
402 2758 435 2817 A
454 2755 562 2818 autem
582 2753 757 2819 sectionem
774 2757 837 2818 ΕΖ
855 2753 889 2816 in
905 2749 977 2839 2⁴).
1012 2775 1114 2837 quon-

101 2861 169 2926 iam
188 2862 289 2946 igitur
308 2862 376 2926 ΑΓ
390 2860 551 2944 contingit
565 2864 630 2923 AB
649 2864 776 2944 partem
795 2881 971 2925 connexam
990 2860 1113 2924 habens

102 2987 315 2996 ——-·

62 3056 64 3061 ’
175 3055 202 3121 1)
220 3052 287 3108 Tres
306 3053 412 3122 figurae
431 3050 549 3106 ultimae
568 3050 598 3105 in
617 3051 642 3106 V
661 3051 834 3122 deprecatae
853 3053 925 3107 sunt.

174 3125 201 3193 2)
222 3123 321 3194 Neque
339 3141 406 3180 uero
426 3127 481 3177 ΑΓ
497 3139 560 3177 cum
578 3126 636 3191 AB,
652 3126 702 3176 ΓΔ
724 3123 754 3177 in
772 3122 899 3193 pluribus
918 3121 1031 3191 punctis
1050 3137 1113 3176 con·

102 3193 190 3251 currit
208 3197 297 3265 (prop.
312 3194 379 3264 XL).
717 3196 723 3203 “

174 3267 201 3335 3)
220 3265 318 3334 Neque
336 3281 403 3320 uero
423 3269 472 3317 AB
492 3279 556 3317 cum
575 3262 712 3331 sectione,
732 3279 817 3333 quem
836 3262 984 3332 contingit,
1003 3261 1034 3317 in
1051 3263 1112 3332 plu-

100 3336 179 3392 ribus
198 3337 309 3406 punctis
329 3337 476 3392 concurret
495 3337 582 3404 (prop.
597 3335 720 3404 XXVII).

173 3406 267 3531 4)Ηὲ
289 3408 355 3476 hoc,
384 3407 516 3461 monente
540 3404 754 3473 CommendinO,
782 3403 843 3459 fieri
869 3421 926 3460 non
954 3405 1048 3475 potest
1076 3405 1112 3459 ob

99 3493 180 3552 prop.
261 3520 266 3533 .
