2444 3892
137 144 200 208 118
528 143 757 196 FRAGMENTA.

135 290 220 371 δρου
253 297 392 371 σημεῖον
421 279 591 370 δμοτιιχῶς
624 278 673 351 ἐπ’
705 280 808 369 αὐτῆς
835 285 976 367 κινῆται.
1027 287 1155 368 γίνεται

134 390 198 479 γάρ
228 393 306 477 ἕλιξ,
330 382 370 476 ἦς
394 385 602 479 ὃμοιομερῶς
623 387 733 457 πάντα
755 386 795 456 τά
821 389 903 476 μέρη
927 391 1029 456 πᾶσιν
1054 391 1155 477 έφαρ-

134 497 235 584 μόζει,
259 495 412 583 καθάπερ
432 493 655 574 Ἀπολλάνιος
673 497 709 563 έν
727 497 774 586 τῷ
795 495 883 583 περὶ
902 499 972 563 τοῦ
989 501 1155 582 κοχλίου

135 603 302 691 γράμματι
326 607 508 671 δείκνυσιν.
556 604 673 689 Οίτιη).
699 603 853 687 105,14.

99 743 116 792 5
203 732 255 796 27.
279 729 409 815 Pappus
432 728 529 808 VIII,
552 730 595 794 49
618 753 650 813 p.
674 729 774 811 1110,
799 729 840 794 16
865 751 924 814 sq.:

199 831 257 901 Ἐν
292 825 318 926 ᾦ
350 830 413 922 γάρ
447 833 557 924 χρόνῳ
589 832 626 902 τὸ
659 836 692 900 A
723 831 776 900 έπὶ
808 830 846 899 τὸ
875 839 904 898 Β
936 837 1154 920 παραγίνεται

136 935 268 1026 ὁμαλῶς
298 939 517 1027 κινούμενον,
549 942 586 1008 έν
618 939 726 1030 τούτῳ
758 939 813 1006 καὶ
844 935 864 1026 ἡ
893 945 959 1005 ΑΒ
986 938 1070 1007 κατὰ
1097 944 1156 1027 τῆς

137 1048 332 1132 ἐπιφανείας
354 1049 416 1114 τοῦ
434 1050 618 1132 κυλίνδρου
640 1054 819 1131 κινηθεῖσα
842 1048 889 1124 είς
911 1042 948 1113 τὸ
973 1043 1054 1114 αὐτὸ
1074 1043 1155 1114 άπο-

43 1195 46 1200 -
133 1157 347 1239 καθίσταται,
375 1150 490 1220 καὶτὸ
516 1153 694 1242 εἰρημένον
718 1151 884 1238 φέρεσθαι
908 1164 1047 1237 σημείου
1070 1151 1153 1219 κατὰ

83 1272 117 1325 10
135 1268 194 1344 τῆς
212 1265 277 1325 ΑΒ
296 1256 432 1338 εὐθείας
450 1257 571 1347 γράψει
589 1257 652 1344 τὴν
670 1256 908 1345 μονόστροφον
928 1259 1033 1325 ἕλικα·
1053 1262 1153 1327 τοῦτο

135 1363 200 1453 γάρ
221 1363 444 1444 Ἀπολλάνιος
467 1362 485 1433 ὁ
514 1363 661 1451 Περγεὺς
683 1361 864 1443 ἀπέδειξεν.

246 1543 498 1628 Comparatio
523 1517 754 1609 dodooaodri
778 1546 816 1609 et
838 1543 1041 1609 ioosaedri.

200 1667 252 1732 28.
278 1667 450 1750 Hypsicles
475 1665 734 1749 (Elementorum
752 1668 835 1732 liber
857 1666 937 1732 XIV
957 1668 1013 1752 qui
1034 1665 1153 1754 fertur)

135 1771 220 1857 Vp.
244 1775 274 1856 2,
300 1776 317 1837 1
342 1794 389 1858 sq.
413 1773 460 1838 od.
484 1772 641 1858 Hoiberg:

82 1890 116 1942 15
203 1881 402 1964 Βασιλείδης
426 1873 443 1945 ὁ
471 1876 609 1965 Τύριος,
633 1870 660 1946 ὦ
683 1878 881 1965 Πρώταρχε,
908 1879 1154 1965 παραγενηθεὶς

134 1988 182 2063 είς
201 1980 454 2071 Ἀλεξάνδρειαν
481 1983 538 2051 καὶ
567 1984 747 2064 συσταθεὶς
773 1986 818 2074 τῷ
846 1983 946 2070 πατρὶ
974 1981 1070 2070 ἡμῶν
1097 1983 1154 2052 διὰ

133 2090 195 2177 τὴν
214 2088 280 2158 άπὸ
300 2093 361 2159 τοῦ
379 2089 577 2177 μαθήματος
592 2091 790 2176 συγγένειαν
811 2090 1046 2178 συνδιέτριψεν
1061 2088 1151 2182 αὐτῷ

134 2195 194 2263 τὸν
218 2204 374 2268 πλεῖστον
397 2200 455 2282 τῆς
478 2199 653 2283 ἐπιδημίας
670 2196 806 2285 χρόνον.
843 2201 903 2263 καί
918 2219 997 2264 ποτε
1017 2203 1152 2283 ζητοῦν-

134 2329 186 2382 τες
212 2301 250 2371 τὸ
280 2301 347 2370 ὑπὸ
373 2299 600 2370 Ἀπολλωνίου
628 2302 822 2390 συγγραφὲν
850 2303 940 2390 περὶ
967 2305 1034 2389 τῆς
1063 2322 1153 2389 συγ-

84 2420 119 2468 20
137 2413 303 2494 κρίσεως
325 2411 395 2475 τοῦ
419 2408 697 2494 δωδεκαέδρου
719 2408 871 2476 καὶτοῦ
891 2409 1153 2495 εἰκοσαέδρου

136 2518 205 2582 τῶν
228 2519 274 2593 είς
297 2515 360 2599 τὴν
384 2512 490 2598 αὐτὴν
515 2526 662 2599 σφαῖραν
686 2515 962 2602 ἐγγραφομένων,
988 2521 1063 2584 τίνα
1086 2521 1152 2602 ἔχει

135 2620 238 2707 λόγον
266 2619 349 2708 πρὸς
377 2616 519 2705 άλληλα,
549 2621 668 2701 ἔδοξαν
695 2623 798 2689 ταῦτα
828 2620 872 2708 μὴ
899 2618 1013 2710 ὀρθῶς
1035 2647 1152 2708 γεγρα-

134 2727 277 2813 φηκέναι
299 2725 360 2793 τὸν
376 2722 613 2813 Ἀπολλώνιον,
637 2726 733 2794 αὐτοὶ
756 2725 920 2794 δὲταῦτα
943 2727 1154 2816 καθάραντες

134 2838 296 2921 ἔγραψαν,
321 2827 364 2911 ὡς
386 2823 430 2918 ἦν
454 2829 591 2900 ἀκούειν
614 2836 676 2900 τοῦ
697 2830 830 2920 πατρός.
867 2832 932 2920 έγιδ
953 2833 991 2902 δὲ
1008 2831 1152 2916 ὕστερον

82 2957 117 3004 25
135 2939 331 3024 περιέπεσον
355 2937 455 3027 ἑτέρῳ
478 2942 597 3029 βιβλίῳ
617 2935 682 3006 ὑπὸ
699 2936 926 3007 Ἀπολλωνίου
945 2939 1152 3030 ἐκδεδομένη)

132 3045 324 3132 περιέχοντί
348 3069 424 3111 τινα
451 3039 624 3124 ἀπόδειξιν
649 3045 725 3131 περὶ
747 3048 808 3112 τοῦ
832 3046 1070 3133 προκειμένου,
1097 3046 1153 3113 καὶ

133 3151 285 3238 μεγάλως
313 3148 582 3236 έψυχαγωγήθην
612 3152 664 3219 ἐπὶ
691 3155 731 3240 τῇ
759 3155 820 3220 τοῦ
844 3150 1077 3242 προβλήματος
1101 3158 1153 3237 ζη-

132 3256 234 3341 τήσει.
283 3255 321 3325 τὸ
354 3255 416 3341 μέν
449 3247 512 3323 οὖν
544 3252 609 3324 ὑπὸ
640 3253 867 3326 Ἀπολλωνίου
895 3258 1037 3327 ἐκδοθὲν
1066 3263 1153 3326 ἔοικε

63 3431 70 3439 Η
100 3428 103 3433 ,
133 3365 230 3448 κοινῇ
260 3372 407 3429 σκοπεῖν·
439 3364 494 3430 καὶ
522 3361 586 3450 γὰρ
614 3364 825 3453 περιφέρεται
855 3369 981 3433 δοκοῦν
1008 3363 1152 3451 ὕστερον

1 3456 115 3576 ’χὶξσθ
134 3466 328 3554 γεγράφθαι
351 3468 554 3554 φιλοπόνως.
