2444 3892
160 122 226 188 286
443 122 706 176 οοιιωωπτεετι
723 120 893 185 mmm.

161 273 211 356 λζ’
242 273 318 360 περὶ
349 276 417 341 τῶν
452 267 690 358 ἐφαπτομένων
720 270 776 339 καὶ
807 279 875 338 τῶν
906 267 971 338 ἀπὸ
1002 275 1064 359 τῆς
1091 269 1172 360 ἁφῆς

160 389 377 475 κατηγμένων
403 392 463 475 τῆς
485 389 661 469 ἐλλείψεως
683 386 739 455 καὶ
761 389 819 474 τῆς
842 382 1047 473 ὑπερβολῆς,
1073 389 1111 457 έν
1132 392 1172 478 τῷ

160 503 216 591 λη’
248 503 325 590 περὶ
356 507 425 571 τῶν
458 504 700 590 έφαπτομένων
731 505 790 590 τῆς
821 498 1010 588 ὑπερβολῆς
1037 505 1095 572 καὶ
1122 508 1174 590 τῆς

161 622 346 704 ἐλλείψεως,
370 617 458 698 ὅπως
481 623 595 706 ἔχουσι
618 621 701 704 πρὸς
722 617 786 704 τῆν
806 617 965 705 δευτέραν
986 617 1173 707 διάμετρον,

124 747 140 797 5
160 738 198 804 έν
220 740 266 829 τῷ
290 733 349 803 λό’
373 734 429 802 καὶ
452 733 489 820 μ’
512 732 588 821 περὶ
611 736 680 802 τῶν
699 730 811 801 αὑτῶν
829 746 974 801 ποιεῖται
991 731 1053 801 τὸν
1074 735 1173 822 λόγον

159 853 240 930 τοὺς
258 851 497 937 συγκειμένους
520 850 555 916 έκ
579 848 710 917 τούτων
732 847 855 935 λόγους
878 850 1052 936 ἐπιζητῶν,
1078 851 1173 942 ἐντῷ

160 965 219 1053 μα’
242 967 317 1054 περὶ
336 969 404 1034 τῶν
423 962 715 1051 ἀναγραφομένων
732 964 1093 1052 παραλληλογράμμων
1110 966 1172 1034 ἀπὸ

161 1085 219 1168 τῆς
241 1082 448 1168 κατηγμένης
466 1081 522 1147 καὶ
541 1083 599 1167 τῆς
618 1082 654 1148 έκ
672 1084 733 1149 τοῦ
752 1081 893 1166 κέντρου
911 1084 970 1167 τῆς
988 1078 1175 1168 ὑπερβολῆς

159 1197 215 1265 καὶ
237 1202 297 1283 τῆς
320 1197 505 1281 ἐλλείψεως,
525 1197 561 1263 ἐν
579 1198 625 1288 τῷ
644 1195 704 1282 μβ’
728 1195 781 1263 έπλ
799 1198 858 1282 τῆς
875 1199 1072 1282 παραβολῆς
1090 1200 1174 1284 λέγει

110 1322 142 1372 10
162 1319 237 1379 ἴσον
257 1307 399 1378 εἶναιτὸ
418 1308 484 1378 ὑπὸ
504 1313 562 1396 τῆς
581 1310 810 1398 ἐφαπτομένης
828 1310 884 1378 καὶ
897 1314 956 1396 τῆς
969 1315 1174 1400 κατηγμένης

159 1425 502 1513 καταλαμβανόμενον
523 1432 691 1514 τρίγωνον
713 1429 759 1518 τῷ
784 1430 921 1508 ἰσοϋψεῖ
938 1425 1030 1518 αὐτῷ
1050 1437 1172 1515 παραλ-

159 1540 399 1632 ληλογράμμῳ,
436 1538 592 1627 ἡμίσειαν
625 1538 656 1607 δ’
688 1545 799 1628 ἔχοντι
825 1540 943 1628 βόσιν,
976 1543 1014 1610 έν
1042 1549 1089 1635 τῷ
1117 1542 1173 1632 μγ’

159 1648 212 1715 ἐπὶ
248 1651 307 1732 τῆς
342 1643 530 1732 ὑπερβολῆς
565 1646 621 1712 καὶ
657 1650 716 1734 τῆς
753 1648 928 1728 ἐλλείψεως
964 1654 1068 1735 ζητεῖ,
1108 1654 1174 1729 πῶς

159 1767 272 1848 έχουοι
304 1760 387 1848 πρὸς
418 1760 546 1847 ἀλληλα
578 1760 617 1830 τὰ
649 1759 716 1831 ὑπὸ
747 1765 815 1831 τῶν
847 1764 1089 1851 ἐφαπτομένου
1121 1764 1174 1832 καὶ

106 1893 138 1943 15
158 1881 226 1945 τῶν
262 1880 478 1965 κατηγμένων
515 1876 821 1967 ἀπολαμβανόμενα
857 1884 1021 1968 τρίγωνα,
1060 1884 1098 1949 έν
1130 1885 1173 1973 τῷ

157 1995 216 2081 μδ’
253 1994 291 2062 τὸ
324 1993 406 2064 αὑτὸ
440 1996 476 2064 ἐν
508 2011 580 2077 ταῖς
612 1993 869 2081 ἀντικειμέναις,
902 1997 939 2063 έν
971 1998 1016 2086 τῷ
1050 1997 1105 2083 με’
1137 1995 1173 2064 τὸ

158 2107 239 2178 αὑτὸ
282 2112 335 2179 έπὶ
376 2115 434 2197 τῆς
475 2113 633 2198 δευτέρας
674 2111 853 2197 διαμέτρου
892 2112 950 2196 τῆς
985 2107 1174 2200 ὑπερβολῆς

156 2226 213 2293 καὶ
244 2231 303 2313 τῆς
335 2229 524 2312 ἐλλείψεως,
558 2229 594 2293 ἐν
625 2228 671 2316 τῷ
703 2225 759 2313 μς’
792 2225 868 2315 περὶ
899 2228 967 2293 τῶν
999 2226 1081 2313 μετὰ
1113 2226 1173 2314 τῆν

157 2341 298 2430 ἀρχικῆν
328 2344 508 2431 διάμετρον
531 2345 589 2426 τῆς
611 2345 804 2428 παραβολῆς
828 2341 964 2431 ἑτέρων,
988 2344 1025 2409 έν
1049 2346 1095 2435 τῷ
1121 2341 1172 2431 μζ’

104 2470 138 2520 20
158 2458 234 2545 περὶ
266 2461 333 2526 τῶν
367 2458 489 2545 έτέρων
518 2458 705 2543 διαμέτρων
732 2467 790 2543 τῆς
817 2453 1005 2545 ὑπερβολῆς
1031 2457 1088 2524 καὶ
1116 2462 1174 2544 τῆς

156 2573 343 2658 ἐλλείψεως,
366 2571 404 2640 ἐν
428 2576 473 2664 τῷ
492 2570 551 2658 μη’
574 2571 735 2659 περὶτῶν
755 2573 878 2659 ἑτέρων
897 2573 1085 2659 διαμέτρων
1105 2577 1173 2641 τῶν

156 2689 409 2775 ἀντικειμένων,
433 2686 470 2756 έν
493 2691 538 2778 τῷ
563 2686 626 2772 μέλ’
650 2686 817 2772 περὶτῶν
841 2686 919 2775 παρ’
945 2683 985 2767 ἀς
1008 2687 1173 2757 δύνανται

156 2809 194 2872 αδ
218 2802 441 2891 καταγόμεναι
469 2799 524 2869 ἐπὶ
549 2801 607 2882 τάς
631 2803 742 2891 ἑτέρας
766 2805 964 2893 διαμέτρους
985 2807 1045 2889 τῆς
1067 2827 1172 2893 παρα-

102 3050 136 3098 25
155 3039 213 3121 τῆς
235 3034 423 3119 ἐλλείψεως,
447 3031 484 3102 έν
506 3038 552 3126 τῷ
572 3034 628 3101 να’
646 3035 722 3121 περὶ
740 3037 802 3103 τοὺ
820 3031 926 3102 αὑτοῦ
944 3037 1011 3101 τῶν
1031 3032 1173 3102 ἀντικει-

155 3150 275 3236 μένων.
328 3153 433 3217 ταῦτα
465 3150 568 3218 εἰπὼν
601 3151 656 3218 καὶ
689 3150 850 3237 προσθεὶς
881 3162 951 3229 τοῖς
983 3151 1173 3237 εἰρημένοις

226 3406 253 3454 4.
277 3396 388 3467 ἔχουσιν
412 3397 456 3452 W.
550 3406 591 3455 11.
615 3394 918 3472 καταλαμβανόμενον]
941 3395 1058 3468 ΗκίΙεγ,
1086 3418 1171 3453 κατα-

153 3468 300 3543 λαμβάνον
324 3468 392 3539 Wp.
496 3477 537 3527 14.
568 3470 680 3540 ἔχουσιν
704 3470 750 3528 W.
850 3475 893 3523 17.
921 3465 986 3540 ε’πί]
1011 3485 1026 3524 e
1050 3485 1121 3526 corr.
1144 3487 1171 3538 p.
