2444 3892
129 155 173 220 38
530 150 694 205 Κοαικοα
714 144 753 202 ε’.

130 294 211 382 ὅπερ
240 291 378 360 άτοπον·
408 289 429 377 ή
458 288 570 378 ήΔΒ
597 295 637 380 τῇ
661 296 733 359 ΒΗ
758 285 819 358 οὐκ
843 296 915 375 ίσή,
945 285 970 376 ή
997 286 1157 377 οὐδετέρα

130 399 306 487 οὐδετέρᾳ,
334 398 390 465 καὶ
417 396 520 465 πάλιν
547 393 597 464 ἐπ’
619 393 821 484 ἀμφοτέρων
847 393 885 462 τὸ
915 392 1008 464 αὐτὸ
1033 395 1156 466 άτοπον

131 504 343 592 συμβήσεται.
380 500 451 589 ήξει
474 501 540 590 άρα
564 500 585 589 ή
608 510 672 571 ΕΖ
695 499 752 570 διά
775 504 845 569 τῶν
868 507 913 586 K,
928 507 976 569 H.

606 661 671 729 κδ’.

96 788 112 837 5
198 768 324 836 Κάνου
349 766 433 855 τομή
456 767 568 836 κώνου
590 770 675 857 τομή
698 763 719 855 ή
742 765 868 835 κύκλου
890 773 1098 860 περιφερείᾳ
1119 764 1151 836 αι’

130 874 312 962 συμβάλλει
328 871 445 961 οὕτως,
466 873 549 942 ὥστε
566 875 665 962 μέρος
679 876 740 961 μέν
750 900 783 942 τι
798 869 886 940 εἶναι
899 869 1045 960 ταύτόν,
1061 877 1151 962 μέρος

131 983 169 1050 δὲ
192 981 236 1068 μή
262 980 349 1049 εἶναι
372 979 498 1049 κοινόν.

197 1093 228 1156 εί
259 1088 323 1176 γάρ
354 1085 516 1171 δυνατόν,
548 1084 661 1153 κυάνου
687 1083 772 1172 τομή
800 1082 821 1172 ή
849 1093 920 1153 ΔΑ
929 1092 960 1152 Β
970 1093 1005 1154 Γ
1029 1086 1148 1155 κύκλον

129 1199 322 1283 περιφερείᾳ
349 1195 390 1281 τή
417 1197 565 1260 ΕΑΒΓ
583 1191 812 1278 συμβαλλέτω,
839 1190 895 1257 καὶ
924 1196 1010 1261 έστω
1044 1192 1148 1262 αὐτῶν

78 1317 111 1367 10
130 1297 247 1368 κοινὸν
271 1300 371 1386 μέρος
392 1296 430 1366 τὸ
456 1295 538 1366 αὐτὸ
561 1301 598 1365 τὸ
622 1303 732 1380 ΑΒΓ,
756 1295 800 1385 μή
822 1294 941 1366 κοινὸν
966 1297 1005 1367 δὲ
1030 1303 1071 1368 τὸ
1090 1307 1147 1368 ΑΛ

128 1407 185 1473 καὶ
212 1402 251 1473 τὸ
279 1412 362 1490 ΑΒ,
394 1404 450 1471 καὶ
478 1402 631 1491 εἰλήφθω
660 1400 711 1471 ἐπ’
737 1399 849 1471 αὐτῶν
878 1417 1023 1490 σημεῖον
1052 1404 1092 1473 τὸ
1116 1413 1146 1485 Θ,

131 1512 187 1577 καὶ
207 1508 393 1595 ἐπεζεύχθω
412 1507 433 1595 ή
454 1517 532 1597 ΘΑ,
553 1510 609 1577 καὶ
628 1508 685 1578 διὰ
704 1507 866 1596 τυχόντος
884 1514 1029 1596 σημείου
1049 1515 1147 1580 τοιῖΕ

129 1618 169 1703 τή
183 1622 249 1682 ΑΘ
266 1614 479 1702 παράλληλος
497 1616 593 1703 ήχθω
612 1613 760 1702 ήΔΕΓ,
783 1615 839 1681 καὶ
856 1613 1037 1702 τετμήσθω
1057 1614 1145 1704 ήΑΘ

130 1724 206 1806 δίχα
238 1720 321 1788 κατά
354 1720 392 1789 τὸ
426 1728 476 1808 Η,
513 1722 569 1789 καὶ
602 1721 659 1791 διὰ
691 1726 753 1791 τοῦ
776 1728 814 1789 Η
843 1720 1023 1811 διάμετρος
1056 1723 1144 1813 ήχθω

78 1822 151 1911 15ή
176 1832 287 1894 ΒΗΖ.
332 1824 353 1914 ἡ
382 1825 447 1916 άρα
476 1828 532 1896 διὰ
559 1833 621 1898 τοῦ
643 1836 672 1897 Β
700 1826 789 1917 παρὰ
812 1826 873 1914 τήν
897 1835 963 1896 ΛΘ
985 1829 1145 1918 ἐφάψεται

129 1933 285 2020 ἑκατέρας
312 1937 379 2002 τῶν
407 1941 519 2024 τομῶν
542 1937 598 2004 καὶ
621 1934 832 2024 παράλληλος
856 1938 947 2002 ἔσται
970 1939 1012 2024 τῇ
1039 1941 1144 2020 ΔΕΓ,

128 2041 183 2107 καὶ
211 2045 302 2108 ἔσται
330 2044 367 2109 έν
396 2041 457 2127 μὲν
485 2054 524 2132 τῇ
554 2044 648 2133 ἑτέρᾳ
675 2045 759 2131 τομῇ
787 2037 808 2127 ή
832 2048 899 2108 ΛΖ
926 2045 965 2129 τῇ
991 2048 1060 2110 ΖΓ
1083 2051 1143 2128 ίσή,

129 2148 165 2213 ἐν
194 2146 231 2214 δὲ
259 2150 297 2235 τή
327 2148 422 2238 ἑτέρᾳ
450 2146 557 2234 ήΕΖ
585 2153 624 2235 τή
649 2154 713 2215 ΖΓ
737 2156 800 2234 λ’σή.
848 2144 1011 2217 ὥστεκαὶ
1036 2146 1058 2236 ή
1083 2154 1143 2216 ΔΖ

128 2254 167 2340 τή
192 2258 256 2318 ΖΕ
278 2254 368 2321 ἐστιν
392 2262 463 2340 λ’σή·
488 2251 568 2341 ὅπερ
592 2250 772 2322 ἀδύνατον.

76 2425 110 2474 20
608 2410 668 2479 κε’.

196 2516 321 2585 Κάνου
348 2519 432 2606 τομή
461 2518 574 2586 κοίνου
600 2515 708 2604 τομήν
736 2514 757 2604 ή
782 2518 908 2587 κύκλου
930 2522 1143 2609 περιφέρειαν

129 2620 170 2690 οὐ
192 2625 305 2709 τέμνει
326 2626 409 2692 κατὰ
433 2629 570 2692 πλείονα
594 2637 713 2711 σημεῖα
735 2624 915 2713 τεσσάρων.

191 2734 222 2797 εί
235 2728 299 2817 γὰρ
315 2730 473 2815 δυνατόν,
487 2733 630 2817 τεμνέτω
644 2727 727 2797 κατὰ
742 2734 839 2798 πέντε
851 2730 891 2799 τὰ
901 2739 944 2817 Α,
954 2737 995 2816 Β,
1004 2736 1045 2817 Γ,
1054 2740 1099 2818 Δ,
1109 2739 1145 2818 Β,

128 2835 183 2902 καὶ
208 2840 357 2904 ἔστωσαν
382 2839 419 2902 αί
438 2846 479 2921 Α,
494 2842 534 2921 Β,
549 2841 587 2923 Γ,
603 2845 647 2923 Δ,
662 2844 694 2903 Β
714 2835 922 2923 συμπτώσεις
945 2837 1064 2924 έφεξής
1086 2864 1146 2925 μή·

75 2954 111 3004 25
129 2945 248 3030 ἃεμίαν
266 2946 531 3030 παραλείπουσαι
544 2942 665 3029 μεταξὺ
680 2941 803 3028 αὑτῶν,
822 2943 878 3010 καὶ
892 2943 1145 3030 ἐπεζεύχθωσαν

129 3050 166 3113 αί
196 3055 277 3133 ΑΒ,
311 3054 374 3115 ΓΛ
405 3047 461 3114 καὶ
493 3049 787 3136 ἐκβεβλήσθωσαν·
822 3051 1072 3136 συμπεσοῦνται
1104 3047 1145 3135 δή

128 3143 226 3219 αὗται
250 3152 343 3234 ἐκτὸς
369 3157 436 3221 τῶν
464 3158 576 3240 τομῶν
600 3157 653 3224 ἐπὶ
675 3160 734 3242 τής
756 3157 947 3241 παραβολής
969 3154 1025 3222 καὶ
1048 3153 1145 3242 ὑπερ·

128 3262 238 3342 βολῆς.
285 3258 560 3346 συμπιπτέτωσαν
588 3260 670 3330 κατὰ
698 3261 736 3330 τὸ
761 3268 806 3347 Λ,
834 3260 890 3327 καὶ
918 3256 959 3328 ὃν
987 3260 1051 3346 μὲν
1079 3267 1145 3348 ἔχει

199 3421 223 3468 2.
234 3412 384 3491 οὐδετέρᾳ]
397 3419 517 3488 om.Vp;
533 3435 601 3474 corr.
616 3420 718 3489 Halley
730 3438 794 3476 eum
804 3419 908 3475 Comm.
955 3425 980 3474 8.
992 3415 1060 3493 γάρ]
1072 3438 1144 3491 vpc,

127 3483 224 3540 inm.
237 3487 296 3542 IV.
347 3494 389 3544 23.
404 3487 453 3560 τά]
463 3507 490 3558 p,
506 3487 539 3544 αἱ
550 3491 584 3546 V.
640 3497 683 3548 25.
698 3487 807 3563 αὐτῶν]
823 3490 933 3560 scripsi,
949 3485 1045 3545 αὐτῶν
1062 3491 1143 3562 Vpo.
