2444 3892
131 126 196 191 318
412 124 676 177 commun
692 123 863 188 ευτιοοε

130 293 243 353 γονον
256 276 303 358 τῷ
317 259 628 354 ΚΓτετρατλεόρφ
642 271 727 331 ἴσον.
759 259 845 330 ἀλλά
857 266 895 330 τὸ
910 269 945 330 Κ
947 265 1021 339 ΞΝ
1029 261 1148 352 ὅμοιόν

130 374 264 463 ἐστιτῷ
284 377 411 457 ΚΜΗ,
434 369 523 438 διότι
535 367 748 457 παράλληλός
760 371 853 437 ἐστιν
869 364 892 455 ἡ
911 375 996 436 ΜΗ
1009 373 1053 459 τῇ
1070 373 1147 447 ΝΞ·

130 483 200 546 ἔστι
224 477 261 546 δὲ
284 475 374 570 αὐτῷ
397 478 453 545 καὶ
472 486 560 562 ίσον,
583 475 671 544 διότι
689 476 902 562 ἐφαπτομένη
921 476 1013 544 έστλν
1032 472 1055 563 ἡ
1073 482 1147 563 ΑΓ,

130 581 341 672 παράλληλος
373 583 412 652 δὲ
443 580 527 669 αὐτῇ
555 579 577 669 ἡ
605 587 695 667 ΗΝ,
726 579 783 648 καί
810 580 989 667 διάμετρος
1016 579 1039 668 ἡ
1066 586 1147 669 ΜΞ,

95 690 186 757 σκαλ
208 697 263 776 ίση
288 690 379 758 έστλν
402 686 424 776 ἡ
448 695 523 756 ΗΚ
542 691 583 777 τῇ
607 694 689 755 ΚΝ.
734 688 805 755 ἐπεὶ
828 679 892 755 οὖν
916 695 993 756 ίσον
1017 688 1088 757 έστλ
1109 693 1145 757 τὸ

130 799 238 872 ΚΝΞ
257 800 303 886 τῷ
326 822 361 863 τε
379 800 449 863 ΚΓ
466 795 522 861 καλ
540 804 586 885 τῷ
604 799 732 878 ΚΜΗ,
753 796 874 861 κοινοῦ
892 791 1147 883 ἀφαιρουμένου
1209 834 1212 844 ·

130 907 191 970 τοῦ
213 909 290 969 ΑΗ
307 905 426 969 λοιπὸν
448 904 486 969 τὸ
509 906 616 967 AIM
635 907 713 981 ἴσον
734 899 804 966 ἐστὶ
826 903 872 990 τῷ
896 905 973 969 ΓΗ.

534 1097 604 1174 Είς
626 1098 669 1162 τὸ
691 1095 735 1180 γ’.

201 1217 246 1288 Τὸ
270 1218 432 1306 δεοόρημα
453 1222 553 1286 τοῦτο
577 1223 714 1297 πλείους
732 1223 798 1305 ἔχει
816 1216 968 1304 πτώσεις,
991 1214 1034 1299 ἃς
1051 1217 1145 1309 εὑρή-

78 1342 110 1391 10
129 1345 233 1413 σομεν
262 1322 387 1412 ὁμοίως
413 1328 459 1415 τῷ
487 1328 552 1412 πρὸ
582 1322 696 1393 αὐτοῦ.
742 1328 797 1392 δεῖ
817 1326 932 1412 μέντοι
955 1327 1146 1414 ἐπισκῆψαι,

130 1431 182 1500 ὅτι
207 1434 249 1500 τὰ
278 1430 516 1520 λαμβανόμενα
543 1429 607 1500 δόο
636 1444 755 1517 σημεῖα
783 1427 804 1517 ἢ
832 1432 955 1519 μεταξύ
981 1435 1053 1502 ἐστι
1079 1438 1146 1502 τῶν

131 1537 194 1606 δύο
219 1540 407 1626 διαμέτρων
430 1533 451 1622 ἢ
474 1535 515 1604 τά
539 1536 603 1604 δόο
627 1538 720 1618 ἐκτὸς
741 1537 797 1604 καὶ
815 1537 869 1605 ἐπὶ
886 1535 928 1605 τδι
946 1535 1033 1608 αάτδι
1050 1543 1145 1630 μέρη·

129 1647 160 1710 εί
190 1641 257 1738 γὰρ
281 1669 319 1710 το
349 1641 410 1728 μέν
438 1643 552 1730 ἕτερον
581 1643 674 1722 ἐκτὸς
700 1641 874 1731 λάβωμεν,
900 1648 938 1713 τὸ
966 1643 1004 1713 δὲ
1033 1648 1146 1736 ἕτερον

128 1748 249 1834 μεταξὺ
271 1750 340 1815 τοῖν
364 1747 568 1836 διαμέτρων,
593 1747 636 1816 οὐ
659 1753 854 1817 συνίσταται
876 1751 918 1817 τδι
942 1752 979 1818 έν
1001 1756 1044 1840 τῇ
1067 1776 1147 1841 προ-

76 1869 108 1918 15
127 1851 219 1921 τάσει
247 1851 411 1940 λεγόμενα
438 1853 679 1943 τετράπλευρα,
707 1853 781 1923 ἀλλ’
814 1853 894 1924 οὐδὲ
922 1852 976 1942 έφ’
1007 1856 1145 1948 ἑκάτερα

126 1965 195 2028 τῶν
219 1960 415 2049 διαμέτρων.

534 2091 604 2167 Εἰς
625 2090 667 2153 τὸ
691 2083 734 2153 δ’.

189 2205 246 2275 Ἐν
273 2210 314 2297 τῇ
339 2209 498 2296 προτάσει
521 2208 644 2277 τούτου
666 2211 729 2276 τοῦ
751 2207 969 2296 θεωρήματος
991 2211 1049 2277 καλ
1071 2214 1141 2280 τῶν

127 2315 245 2400 ἐφεξῆς
281 2318 336 2381 δεῖ
370 2316 558 2401 ἐπιστῆσαι,
596 2311 648 2380 ὅτι
684 2316 752 2381 τοῖν
785 2312 1023 2403 ἀντικειμένων
1056 2319 1144 2405 λέγει

74 2434 109 2482 20
128 2418 343 2507 ἀδιορίστως,
375 2421 431 2488 καλ
458 2424 533 2489 τινά
560 2418 622 2505 μέν
650 2422 718 2486 τῶν
745 2416 962 2510 ἀντιγράφων
990 2425 1052 2504 τάς
1079 2425 1142 2494 δύο

127 2527 357 2613 ἐφαπτομένας
380 2526 433 2594 ἐπὶ
456 2529 514 2612 τῆς
538 2528 615 2612 μιᾶς
637 2536 741 2612 τομῆς
764 2530 845 2613 ἔχει,
869 2527 945 2595 τινά
970 2529 1008 2598 δὲ
1032 2527 1143 2599 οὐκέτι

128 2630 186 2712 τάς
211 2632 272 2701 δύο
298 2632 528 2719 ἐφαπτομένας
549 2630 603 2698 έπλ
625 2634 684 2717 τῆς
707 2634 794 2718 μιάς,
813 2630 885 2701 ἀλλ’
911 2632 964 2720 ἐφ’
990 2635 1147 2726 ἑκατέρας

126 2736 237 2806 αὐτῶν
261 2744 341 2827 μίαν
365 2736 616 2825 συμπιπτοόσας
639 2735 807 2825 ἀλλήλαις,
830 2738 876 2818 ὡς
894 2749 1021 2827 είρηται
1041 2745 1079 2811 έν
1097 2745 1143 2836 τῷ

125 2844 159 2930 β’
183 2850 314 2937 βιβλίῳ,
338 2846 375 2911 έν
398 2847 439 2932 τῇ
462 2844 579 2929 ἐφεξῆς
601 2849 709 2934 γωνίᾳ
731 2847 799 2912 τῶν
823 2842 1063 2933 ἀσυμπτιότων,
1085 2849 1143 2916 καὶ

74 2965 108 3014 25
128 2948 234 3032 οὕτως
262 2949 299 3018 δὲ
326 2945 488 3038 κάκείνως
516 2955 693 3036 συμβαίνει
719 2949 760 3017 τά
783 2954 842 3037 τῆς
864 2955 1070 3040 προτάσεως,
1099 2953 1144 3035 ὡς

126 3058 230 3133 ἔξεστι
253 3062 323 3136 τοίς
345 3056 565 3142 βουλομένοις
582 3057 857 3143 καταγράφουσιν
877 3059 1142 3149 ἐπισκέπτεσθαι,

213 3186 339 3193 -ῌ

196 3257 220 3306 2.
247 3247 322 3306 ἐστιν
346 3265 449 3306 ecorr.
469 3266 504 3302 m.
527 3255 541 3302 1
565 3250 610 3305 W.
701 3251 816 3323 KMH]
844 3253 943 3305 KMN
966 3252 1041 3322 Wp,
1070 3270 1141 3311 corr.

123 3319 226 3389 Halley
258 3323 330 3394 λςκι
350 3320 455 3377 Comm.
546 3326 615 3376 ΜΗ
649 3325 718 3377 ΜΝ
734 3340 760 3391 p.
852 3327 877 3378 3.
898 3319 974 3378 ἔστιν
992 3323 1037 3380 W.
1113 3333 1137 3381 5.

125 3386 201 3464 ἐστί]
222 3364 298 3448 έοτίν
317 3394 361 3448 W.
459 3396 483 3445 λ.
506 3385 581 3445 έοτίν
639 3434 645 3447 .
738 3400 762 3447 9.
783 3386 947 3462 εὑρήσομεν
966 3395 1010 3450 W.
1095 3403 1138 3452 11.

125 3456 201 3517 ἐστιν
219 3463 264 3517 W.
356 3468 399 3517 20.
423 3459 597 3532 ἀδιορίστως
614 3462 658 3519 W.
751 3468 793 3517 21.
817 3463 879 3534 τῆς]
903 3480 971 3520 corr.
992 3482 1026 3521 ex
1044 3468 1091 3536 τῆι
1109 3469 1140 3522 in
