2444 3892
154 144 198 206 44
552 144 719 199 mmm
736 140 776 198 θ’.

223 282 282 352 ἐὰν
302 283 340 351 δὲ
358 284 412 352 ἐπὶ
432 287 490 372 της
508 286 683 366 ἐλλείψεως
701 279 722 371 ἢ
740 287 800 373 τῆς
815 288 879 353 τοῦ
898 283 1037 352 κύκλου
1050 308 1179 372 περιφε-

156 394 247 474 ρείας
269 386 289 475 ἡ
314 394 375 457 ΓΒ
398 390 609 479 παράλληλος
630 382 652 478 ᾖ
676 395 716 480 τῇ
739 398 823 477 ΑΛ,
847 386 979 477 ὁμοίως
1003 394 1054 482 τῷ
1080 415 1179 478 προει

156 492 289 586 ρημένφ
309 497 520 583 ποιησόμεθα
538 495 601 583 τὴν
620 494 791 578 ἀπόδειξιν
810 497 996 583 διάμετρον
1018 498 1178 578 δείξαντες

153 598 215 686 τὴν
238 608 312 670 ΑΘ.

119 701 135 747 5
633 672 692 754 κζ’.

219 776 297 845 Ἐὰν
325 783 394 846 τῶν
422 779 674 866 προειρημένων
701 783 865 867 γραμμῶν
892 804 985 859 τινες
1008 779 1100 849 κατὰ
1123 780 1174 849 δύο

157 897 277 970 σημεῖα
300 886 513 970 ἐφάπτωνται
538 882 709 970 άλληλων,
733 881 774 952 ού
799 886 1061 971 συμβάλλουσιν
1087 883 1174 973 άλλη

156 998 233 1068 λαις
256 989 335 1057 καθ’
362 992 484 1078 ἕτερον.
731 997 735 1002 ’

222 1096 284 1164 δύο
313 1096 377 1184 γάρ
405 1105 473 1163 τῶν
501 1096 687 1182 εἰρημένων
714 1099 876 1183 γραμμῶν
905 1098 1170 1184 ἐφαπτέσθωσαν

105 1217 137 1264 10
156 1200 311 1289 άλλήλων
339 1199 421 1269 κατὰ
449 1199 511 1268 δύο
540 1214 659 1287 σημεῖα
687 1200 728 1269 τὰ
752 1211 799 1286 Α,
822 1207 861 1270 Β.
905 1203 1012 1290 λέγω,
1045 1202 1102 1272 ὅτι
1127 1200 1172 1272 άλ-

156 1307 274 1394 λήλαις
296 1306 379 1375 κατὰ
403 1305 484 1375 άλλο
504 1320 644 1393 σημεῖον
668 1305 710 1374 ού
733 1305 998 1393 συμβάλλουσιν.

222 1419 253 1481 εἰ
279 1413 343 1501 γάρ
373 1412 536 1499 δυνατόν,
569 1414 851 1498 συμβαλλέτωσαν
877 1413 934 1480 καὶ
961 1414 1115 1485 κατὰτὸ
1140 1421 1170 1502 Γ,

154 1520 210 1586 καὶ
239 1525 321 1587 ἔστω
349 1518 513 1606 πρότερον
536 1517 574 1587 τὸ
598 1525 631 1585 Γ
649 1518 743 1598 ἐκτὸς
764 1529 832 1586 τῶν
854 1527 898 1605 Α,
921 1526 950 1585 Β
975 1517 1098 1608 ἁφῶν,
1123 1522 1169 1590 καὶ

155 1623 316 1711 ἤχθωσαν
340 1621 406 1691 άπο
429 1637 496 1691 των
519 1634 562 1711 Α,
582 1633 610 1692 Β
634 1626 873 1712 ἐφαπτόμεναι·
898 1625 1095 1711 ἐφάψονται
1113 1628 1169 1712 ἄρα

103 1744 136 1792 15
155 1727 354 1816 ἀμφοτέρων
386 1739 454 1798 τῶν
486 1735 658 1818 γραμμῶν.
710 1731 977 1817 ἐφαπτέσθωσαν
1008 1733 1070 1800 καὶ
1097 1754 1169 1820 συμ

154 1836 362 1904 πιπτέτωσαν
380 1835 462 1903 κατὰ
481 1835 519 1905 τὸ
534 1845 575 1923 Λ,
596 1833 641 1917 ῶς
659 1837 713 1904 ἐπὶ
728 1840 788 1923 της
801 1834 933 1925 πρῶτης
944 1844 1168 1927 καταγραφῆς,

154 1941 209 2009 καὶ
233 1941 417 2029 ἐπεζεύχθω
446 1940 567 2030 ηΓΛ·
595 1956 688 2030 τεμεῖ
709 1943 751 2030 δὴ
775 1943 934 2036 ἑκατέραν
958 1946 1030 2012 τῶν
1053 1949 1168 2031 τομῶν.

153 2049 296 2135 τεμνέτω
316 2048 398 2116 κατὰ
417 2048 457 2116 τά
477 2057 526 2135 Η,
542 2057 596 2136 Μ,
615 2050 670 2117 καὶ
689 2048 875 2136 ἐπεζεύχθω
895 2045 1049 2134 ἡΑΝΒ.
1083 2056 1167 2119 ἔσται

154 2155 219 2242 άρα
238 2156 275 2223 ἐν
294 2154 355 2242 μὲν
374 2159 414 2244 τῇ
433 2156 527 2244 ἑτέρα
545 2167 646 2243 τομῇ,
671 2153 716 2236 ῶς
735 2153 756 2241 ἡ
776 2161 835 2222 ΓΛ
853 2154 937 2242 πρὸς
955 2145 1040 2242 ΛΗ,
1064 2153 1086 2243 ἡ
1105 2162 1170 2224 ΓΝ

101 2275 135 2323 εο
154 2258 236 2345 πρὸς
254 2267 343 2346 ΝΗ,
368 2264 405 2329 ἐν
424 2261 461 2329 δέ
478 2264 519 2349 τῇ
542 2261 653 2350 έτέρηι,
677 2259 722 2342 ῶς
740 2257 761 2347 ἡ
782 2267 842 2328 ΓΛ
859 2260 943 2348 πρὸς
960 2268 1046 2349 ΛΜ,
1069 2259 1172 2350 MN

154 2364 238 2452 πρὸς
250 2373 341 2432 ΝΜ·
362 2364 442 2455 ὅπερ
458 2365 592 2434 άτοπον.

629 2500 692 2558 νη.

220 2578 300 2647 Ἐὰν
327 2579 365 2648 δὲ
391 2577 412 2666 η
443 2586 514 2647 ΓΗ
532 2577 744 2666 παράλληλος
766 2571 788 2667 ᾗ
812 2593 884 2659 ταῖς
906 2580 988 2648 κατὰ
1010 2580 1053 2649 τὰ
1076 2591 1169 2670 Α,Β

155 2700 273 2772 σημεῖα
306 2688 569 2772 έφαπτομέναις,
602 2683 646 2764 ῶς
678 2684 731 2752 ἐπὶ
763 2696 823 2772 της
854 2687 1029 2768 ἐλλείψεως
1063 2690 1101 2757 ἐν
1131 2693 1169 2780 τῇ

100 2806 134 2853 25
155 2793 294 2881 δευτέρη
326 2796 537 2881 καταγραφῇ,
570 2790 795 2872 ἐπιζεύξαντες
827 2791 889 2878 τὴν
917 2799 982 2860 ΑΒ
1014 2795 1170 2883 ἐροῦμεν,

155 2894 206 2964 ὅτι
226 2896 400 2985 διάμετρος
419 2902 510 2965 ἐσται
527 2909 596 2966 τῶν
614 2909 736 2984 τομῶν.
775 2895 858 2965 ῶστε
873 2902 949 2985 δίχα
961 2900 1170 2987 τμηθήσεται

155 3002 291 3089 ἑκατέρα
326 3015 395 3071 τῶν
427 3010 509 3090 ΓΗ,
538 3010 616 3073 ΓΜ
645 3003 728 3070 κατὰ
761 3001 798 3071 τὸ
831 3010 883 3071 Ν·
920 3001 1000 3093 ὅπερ
1034 3005 1170 3078 άτοπον.

155 3107 216 3176 οὐκ
239 3107 305 3197 άρα
328 3110 407 3177 καθ’
433 3111 548 3198 ἕτερον
572 3124 711 3197 σημεῖον
735 3109 987 3196 συμβάλλουσιν
1010 3115 1049 3178 αἱ
1069 3140 1171 3202 γραμ

154 3215 213 3297 μαὶ
236 3214 404 3301 ἀλλήλαις,
427 3213 511 3283 άλλά
535 3217 617 3285 κατὰ
640 3217 730 3304 μόνα
752 3214 792 3283 τὰ
815 3226 862 3302 Α,
881 3224 919 3284 Β.
1048 3282 1053 3295 ,

153 3322 410 3429 Ἧλλη-Ἱαις]
421 3376 449 3427 p,
463 3354 586 3428 άλλήλως
595 3359 629 3415 V.
690 3363 733 3411 14.
749 3353 925 3430 ἐφάψονται]
935 3375 963 3427 p,
979 3355 1129 3427 ἐφάψεται
1137 3361 1171 3417 V.

192 3430 232 3478 17.
252 3428 346 3497 τεμεῖ]
365 3447 393 3497 p.
412 3436 508 3493 τεμεῖν
528 3430 561 3485 V.
653 3435 696 3484 22.
715 3428 776 3499 κη’]
797 3444 849 3484 om.
862 3428 920 3497 Vp.
1011 3434 1055 3485 23.
1074 3430 1124 3504 τά]
1144 3451 1172 3503 p,

155 3494 249 3548 om.V
321 3503 363 3553 27.
385 3501 462 3571 ΓΜ]
483 3504 720 3570 cvp,Pecorr.
739 3498 860 3554 m.1V.
