2444 3892
158 127 200 189 ’λέ
553 124 722 181 mm
740 121 779 181 θ’.

155 271 289 353 γωνίας.
325 265 428 334 πάλιν
452 266 523 335 ἐπεὶ
545 264 714 356 ὑπερβολή
735 267 827 337 ἐστιν
844 264 866 354 ἡ
884 274 1004 356 ΑΒΓ,
1027 270 1086 339 καί
1102 289 1172 358 σνμ·

155 378 334 441 πίπτουσιν
363 375 400 438 αί
425 378 507 459 ΑΒ,
530 377 607 459 ΓΖ,
634 373 691 441 καί
718 376 757 441 αί
775 380 824 461 A,
847 379 876 441 Β
902 374 1171 461 συμπτώσειςοῦ

155 479 346 566 περιέχουσι
375 479 438 566 τὴν
467 484 509 562 Γ,
541 478 579 547 τὸ
611 486 640 547 Ζ
668 492 807 568 σημεῖον
834 478 959 568 μεταξὺ
984 484 1058 551 τιὸν
1081 483 1172 570 ἆσυμ

155 583 294 653 πτιέτων
313 586 382 653 ἐστὶ
400 588 459 672 τῆς
472 591 576 653 ΑΒΓ
588 589 700 673 τομῆς.
731 591 792 654 καί
806 587 898 655 ἐστιν
912 584 1024 675 αὐτῆς
1041 587 1172 659 ἆντικιι

122 692 241 777 σμένη
266 688 287 778 ἡ
309 701 356 759 A·
379 688 400 779 ἡ
425 690 491 780 ἄρα
519 689 584 760 ιἰπὸ
606 696 668 761 τοῦ
685 699 720 759 A
738 693 792 761 ἐπὶ
808 694 849 761 τὸ
867 700 896 761 Ζ
915 692 1018 775 ἐντὸς
1036 709 1173 767 πεσεῖται

156 801 213 883 τῆς
241 795 306 866 ὑπὸ
330 808 362 866 Α
369 804 434 866 ΖΓ
458 803 596 884 γωνίας·
624 796 705 888 ὅπερ
728 799 868 868 ἄτοπον·
895 803 1015 869 ἔπιπτε
1036 800 1105 891 γὰρ
1120 801 1171 871 ’καί

156 908 203 985 είς
229 903 293 991 τὴν
319 902 385 972 ὑπὸ
412 911 520 972 BZA.
567 901 631 973 οὐκ
657 902 722 993 ἄρα
749 900 859 991 ἡΓΕ
883 915 944 996 μιᾷ
973 910 1047 977 τῶν
1071 912 1168 995 ΑΒΓ,

157 1020 191 1079 A
214 1023 436 1098 συμπεσεῖται.
935 1014 938 1019 ’

631 1195 700 1255 μη·

105 1316 138 1364 10
220 1295 300 1365 Ἐὰν
333 1292 502 1383 ὑπερβολὴ
535 1298 612 1382 μιᾶς
642 1298 711 1362 τῶν
744 1290 987 1383 ἀντικειμένων
1019 1296 1101 1366 καθ’
1137 1300 1166 1365 ἐν

157 1403 219 1489 μὲν
241 1402 437 1489 ἐφάπτηται,
460 1400 542 1469 κατὰ
564 1398 627 1469 δύο
651 1399 689 1469 δὲ
712 1406 893 1490 συμπίπτῃ,
916 1399 938 1490 ἡ
962 1398 1165 1493 ἀντικειμένη

157 1505 240 1596 αὐτῇ
263 1510 303 1595 τῇ
327 1505 539 1596 ἀντικειμένῃ
564 1508 606 1575 οὐ
629 1520 852 1594 συμπεσεῖται.

223 1618 371 1681 ἐστωσαν
400 1611 625 1700 ἀντικείμενοι
653 1617 691 1681 αί
710 1618 824 1699 ΑΒΓ,
848 1621 897 1702 A,
925 1616 983 1683 καί
1005 1612 1166 1706 ὑπερβολή

155 1746 204 1798 τις
231 1716 252 1803 ἡ
277 1725 352 1786 ΑΗ
354 1724 387 1785 Γ
409 1720 608 1805 ἐφαπτέσθω
636 1718 699 1806 μὲν
725 1720 809 1786 κατὰ
833 1716 872 1787 τὸ
895 1728 942 1806 Α,
967 1724 1115 1810 τεμνέτω
1135 1720 1166 1789 δὲ

104 1844 136 1892 15
155 1826 238 1892 κατὰ
261 1823 302 1893 τὰ
324 1833 368 1911 Β,
392 1831 434 1912 Γ,
458 1826 514 1893 καί
536 1829 596 1913 τῆς
618 1830 727 1894 ΑΗΓ
745 1820 958 1913 ἀντικειμένη
982 1832 1070 1898 ἔστω
1092 1827 1113 1917 ἡ
1133 1834 1165 1897 Β

156 1933 256 2020 λέγω,
281 1931 333 2000 ὅτι
357 1929 377 2020 ἡ
403 1940 435 2000 Β
454 1937 495 2022 τη
519 1942 553 2000 A
577 1931 617 2001 οὐ
641 1944 862 2019 συμπεσεῖται.

223 2043 254 2107 εί
279 2041 344 2128 μὰρ
374 2042 538 2126 δυνατόν,
567 2040 776 2126 συμπιπτέτω
799 2035 944 2107 κατὰτὸ
970 2047 1019 2127 A,
1042 2041 1101 2109 καὶ
1122 2042 1167 2109 ἐτ-

157 2146 303 2234 εζεύχθω
332 2144 352 2233 ἡ
377 2152 443 2214 ΒΓ
466 2145 522 2215 καὶ
550 2144 765 2232 ἐκβεβλήσθω
789 2144 842 2212 ἐπὶ
864 2141 903 2212 τὸ
927 2151 971 2231 Ζ,
998 2146 1057 2215 καί
1079 2148 1166 2235 ἤχθω

156 2253 222 2320 ἀπὸ
244 2257 306 2322 τοῦ
329 2262 362 2320 Α
389 2250 410 2340 ἡ
433 2260 499 2320 ΑΖ
523 2252 744 2337 ἐφαπτομένη.
790 2247 914 2337 ὁμοίως
937 2248 981 2338 δὴ
1003 2265 1077 2334 τοῖς
1098 2251 1168 2341 πρέ

102 2378 137 2426 20
155 2384 253 2445 τερον
283 2357 510 2446 δειχθήσεται,
539 2354 591 2425 ὅτι
617 2353 656 2424 τὸ
680 2363 708 2423 Ζ
735 2370 874 2443 σημεῖον
902 2356 998 2438 ἐντὸς
1023 2363 1085 2446 τῆς
1109 2355 1168 2428 ὑπὸ

155 2467 222 2530 τῶν
255 2461 485 2552 ἅσυμπτωτων
516 2463 751 2551 περιεχομένης
783 2468 907 2549 γωνίας
940 2466 1019 2532 ἐστί.
1070 2458 1168 2550 καὶὴ

154 2576 220 2636 ΑΖ
248 2568 410 2657 ἐφάψεται
437 2572 505 2637 τῶν
531 2572 643 2655 τομῶν
666 2567 879 2657 ἀμφοτέρων,
905 2566 1006 2657 καὶὴ
1032 2578 1102 2639 ΔΖ
1123 2572 1168 2639 ἐκ

153 2677 344 2763 βαλλομένη
376 2687 469 2762 τεμεῖ
496 2674 556 2755 τὰς
584 2676 687 2763 τομὰς
714 2672 836 2762 μεταξὺ
866 2678 935 2744 τῶν
962 2685 1011 2762 Α,
1034 2682 1064 2743 Β
1091 2674 1168 2745 κατὰ

154 2784 194 2850 τὰ
218 2789 266 2865 Η,
288 2789 330 2851 K.
380 2782 436 2849 καί
464 2777 505 2850 ὃν
534 2781 576 2869 δὴ
609 2786 675 2869 ἔχει
707 2780 811 2868 λόχον
843 2778 865 2870 ἡ
892 2787 953 2850 ΓΖ
984 2781 1072 2871 πρὸς
1100 2789 1170 2869 ΖΒ,

101 2907 135 2956 2ο
156 2892 254 2978 ἐχέτω
282 2886 303 2977 ἡ
332 2895 397 2957 ΓΛ
423 2885 507 2973 πρὸς
534 2895 615 2976 ΛΒ,
643 2887 699 2956 καὶ
727 2891 957 2976 ἐπιζευχθεῖσα
984 2886 1006 2977 ἡ
1030 2897 1101 2959 ΑΛ
1125 2892 1171 2959 έκ-

155 2999 345 3085 βεβλήσθω·
378 3007 471 3081 τεμεῖ
501 2993 542 3081 δὴ
569 2992 629 3076 τὰς
655 2992 758 3082 τομὰς
784 2994 855 3062 κατ’
887 2991 969 3063 ἄλλο
998 2996 1055 3063 καὶ
1082 2995 1171 3066 ἄλλο.

153 3105 297 3190 τεμνέτω
323 3100 407 3170 κατὰ
435 3099 475 3169 τὰ
503 3107 554 3187 Ν,
577 3109 628 3169 Μ·
662 3104 698 3168 αί
723 3099 789 3188 ἄρα
817 3099 883 3169 ιἰπὸ
909 3112 972 3170 τοῦ
996 3109 1024 3170 Ζ
1052 3105 1107 3172 ἐπὶ
1133 3101 1172 3171 τὰ

154 3216 204 3293 Ν,
228 3217 272 3277 Μ
295 3208 483 3295 ἐφείηονται
509 3211 577 3275 τῶν
605 3211 733 3297 τομῶν,
760 3208 817 3275 καί
840 3212 932 3276 ἐσται
955 3204 1083 3295 ὁμοίως
1103 3221 1174 3290 τοῖς

226 3408 250 3457 3.
274 3404 449 3476 περιέχουσι]
475 3421 527 3474 cp,
554 3401 704 3474 περιέχωσι
728 3421 743 3459 ο
768 3419 838 3460 corr.
857 3401 884 3457 V
988 3408 1013 3459 ὅ.
1038 3408 1066 3459 A
1083 3394 1174 3477 (al't.)]

155 3471 264 3541 scrips13
285 3478 312 3527 Γ
328 3475 385 3544 Vp.
459 3478 502 3531 25.
520 3476 585 3546 ΑΒ]
604 3492 631 3545 p,
651 3490 705 3530 om.
724 3474 750 3531 V
768 3477 838 3531 extr.
857 3489 924 3547 pag.
