2444 3892
552 608 580 679 Ι.

484 783 647 855 ΡΑΡΡΙ

86 927 324 999 LEMMATA
348 927 401 1000 IN
427 925 701 1000 CONICORUM
723 925 891 999 LIBROS
915 927 1045 1000 I—IV.

56 1100 189 1184 Pappus
205 1099 278 1194 VII,
297 1100 474 1166 233-272
493 1124 523 1184 p.
535 1101 608 1185 918,
619 1100 791 1184 22-952‚
806 1101 848 1165 23
864 1101 910 1165 ed.
922 1099 1069 1167 Hultsch.

498 1243 566 1307 Τοῶ
590 1238 634 1309 α’.
1106 1259 1122 1308 5

125 1363 169 1432 α’.
203 1364 310 1431 Ἔστω
344 1367 467 1450 κῶνος,
500 1355 540 1432 οὗ
570 1362 667 1450 βάσις
699 1364 761 1451 μὲν
794 1361 811 1432 ὁ
841 1371 907 1431 ΑΒ
937 1363 1068 1448 κύκλος,

56 1471 189 1556 κορυφή
214 1469 252 1536 δὲ
274 1474 311 1538 τὸ
331 1475 363 1537 Γ
382 1483 529 1556 σημεῖον.
565 1475 597 1538 εί
618 1470 680 1557 μὲν
704 1463 766 1538 οὖν
785 1469 959 1556 ι’σοσκελής
978 1473 1068 1538 ἐστιν

58 1573 76 1642 ὁ
99 1579 218 1659 κῶνος,
243 1574 403 1663 φανερόν,
428 1573 479 1644 ὅτι
501 1581 605 1644 πᾶσαν
628 1580 665 1644 αί
687 1575 751 1645 ολπὸ
774 1580 835 1646 τοῦ
853 1583 885 1646 Γ
903 1580 986 1665 πρὸς
1008 1581 1067 1646 τὸν

59 1688 124 1748 ΑΒ
143 1681 268 1749 κύκλον
287 1687 552 1768 προσπίπτουσαι
572 1681 700 1751 εὐθεῖαι
715 1693 783 1751 λ’σαι
798 1681 957 1770 ἀλλήλαις
971 1687 1067 1768 είσίν,

58 1791 89 1854 εί
121 1786 159 1854 δὲ
191 1787 372 1874 σκαληνός,
405 1793 486 1855 ἐστω
520 1786 650 1876 εὑρεῖν,
682 1794 732 1867 τίς
763 1795 898 1876 μεγίστη
931 1790 987 1856 καλ
1018 1795 1068 1869 τίς
1089 1811 1121 1858 10

57 1895 218 1980 ἐλαχίστη.

124 1997 217 2087 ήχθω
249 2027 314 2086 χαρ
349 1996 412 2068 ἀπὸ
440 2012 501 2067 τοῦ
529 2006 561 2066 Γ
589 2004 729 2085 σημείου
761 2000 814 2066 ἐπὶ
845 2004 882 2068 τὸ
914 2004 974 2068 τοῦ
1003 2007 1067 2067 ΑΒ

56 2104 184 2173 κύκλου
207 2107 363 2176 ἐπίπεδον
387 2105 530 2185 κάθετος
551 2105 606 2172 καὶ
625 2107 767 2173 πιπτέτω
786 2105 951 2192 πρότερον
974 2107 1069 2185 ἐντὸς

478 2213 539 2278 τοῦ
552 2218 617 2278 ΑΒ
635 2209 761 2279 κύκλου
779 2210 834 2277 καὶ
854 2215 936 2278 ἔστω
956 2208 976 2297 ή
994 2217 1067 2298 ΓΔ,

477 2316 532 2384 καὶ
570 2316 723 2405 εἰλήφθω
761 2320 798 2384 τὸ
831 2317 971 2402 κέντρον
1006 2322 1068 2385 τοῦ
1090 2335 1120 2383 15

477 2423 603 2492 κύκλου
625 2427 662 2491 τὸ
685 2431 730 2509 Ε,
759 2423 815 2491 καὶ
840 2425 1068 2509 ἐπιζευχθεῖσα

477 2526 590 2616 ήΔΕ
612 2528 826 2615 ἐκβεβλήσθω
851 2525 904 2614 ἐφ’
932 2529 1068 2613 ἕκοίτερα

476 2637 516 2702 τὰ
544 2637 627 2722 με’ρη
656 2635 709 2702 ἐπὶ
737 2632 777 2702 τὰ
804 2643 853 2720 Α,
876 2641 905 2701 Β
938 2647 1067 2721 σημεῖα,

477 2742 533 2809 καὶ
561 2739 814 2829 ἐπεζεύχθωσαν
843 2744 880 2808 αί
900 2747 975 2827 ΑΓ,
996 2746 1067 2809 ΓΒ.

477 2850 579 2935 λέγω,
608 2846 660 2916 ὅτι
684 2853 819 2934 μεγίστη
848 2847 910 2934 μέν
933 2850 1022 2915 ἐστιν
1045 2843 1066 2933 ή
1086 2861 1120 2911 20

436 2972 448 3010 l
477 2960 549 3040 ΒΓ,
580 2957 731 3041 ἐλαχίστη
758 2954 795 3022 δέ
818 2950 838 3039 ή
863 2959 932 3021 ΑΓ
950 2956 1068 3019 πασῶν

476 3064 544 3128 τῶν
572 3058 636 3128 ιἀτὸ
664 3065 724 3128 τοῦ
752 3066 784 3128 Γ
811 3063 894 3146 πρὸς
920 3063 979 3127 τὸν
1003 3064 1066 3125 ΑΒ

476 3170 767 3253 προσπιπτουσῶν.

124 3271 389 3360 προσβεβλήσθω
413 3270 477 3360 χολρ
501 3299 551 3350 τις
572 3273 627 3338 καὶ
651 3272 745 3358 ἑτέρα
767 3268 788 3358 ή
813 3277 889 3357 ΓΖ,
918 3271 974 3338 καὶ
998 3272 1067 3338 ἐπε-

58 3376 186 3465 ζεύχθω
219 3375 240 3465 ή
271 3385 350 3445 ΔΖ·
386 3383 506 3465 μείζων
538 3376 604 3464 ῶρα
636 3377 727 3445 ἐστὶν
759 3374 780 3464 ή
812 3385 879 3445 ΒΔ
911 3382 969 3464 τής
1000 3384 1066 3444 ΛΖ
1086 3392 1119 3441 25
