2444 3892
125 119 191 184 236
408 119 671 174 COMMENTARIA
689 119 857 184 Δανιησι.

126 264 188 330 τοῦ
211 259 275 328 ἀπὸ
299 267 379 329 ΘΜ
397 267 473 329 ἴσον
496 269 543 352 τῷ
568 256 669 351 αὐτῷ,
692 286 730 328 το
754 258 792 328 δὲ
815 255 882 328 ἀπὸ
901 266 981 327 ΘΜ
998 271 1064 328 τοῦ
1083 258 1141 329 ἀπὸ

126 372 211 434 ΗΜ
229 372 351 454 μεῖζον,
374 393 412 434 το
435 365 501 454 ἀρα
519 365 585 435 ὑπὸ
606 373 712 434 ΒΗΑ
735 371 847 454 μεῖζον
869 369 930 434 τοῦ
949 362 1015 435 ἀπὸ
1037 374 1142 436 ΒΘΑ.

528 565 598 641 Ελς
619 563 662 630 τὸ
686 561 746 631 κε’.

185 686 248 756 Ἔν
270 706 337 754 τισι
360 688 496 775 φέρεται
518 687 574 753 καὶ
598 687 681 773 αὕτη
705 683 726 774 ή
751 685 930 767 ἀπόδειξις·

91 809 107 858 5
194 796 346 882 εἰλήφθω
369 820 402 862 τι
425 807 565 881 σημεῖον
589 793 643 861 έπλ
665 796 724 880 τής
746 797 850 880 τομῆς
872 794 909 861 τὸ
931 799 971 880 Θ,
995 793 1054 860 καὶ
1079 795 1141 862 έπε-

128 900 255 988 ζεύχθω
279 898 300 987 ή
326 908 397 968 ΖΘ·
426 897 447 988 ή
472 908 534 969 ΖΘ
561 899 626 990 ἀρα
650 900 876 987 ἐκβαλλομένη
900 905 1084 986 συμπίπτει
1105 901 1139 988 τῇ

125 1013 203 1075 ΔΓ·
234 1004 316 1077 ὥστε
344 1008 399 1075 καὶ
427 1005 449 1094 ή
478 1015 549 1075 ΖΕ.
595 1007 697 1075 πάλιν
726 1005 769 1093 δή
797 1006 965 1094 εἰλήφθω,
995 1006 1052 1075 καὶ
1079 1008 1140 1075 έπε-

128 1115 255 1202 ζεύχθω
279 1112 299 1201 ή
320 1121 385 1182 ΚΖ
403 1113 459 1181 καὶ
478 1112 708 1201 ἐκβεβλήσθω·
729 1126 944 1200 συμπεσεῖται
963 1110 1006 1199 δή
1025 1117 1067 1203 τῇ
1083 1120 1141 1180 ΒΑ

127 1223 366 1310 ἐκβαλλομένη·
391 1218 474 1290 ὥστε
497 1222 554 1288 καὶ
577 1218 597 1309 ή
622 1228 697 1289 ΖΗ.

75 1432 108 1481 10
526 1419 596 1494 Εἰς
618 1417 661 1483 τὸ
685 1413 747 1488 κς’.

198 1539 243 1608 Τὸ
271 1543 432 1629 θεώρημα
455 1543 554 1607 τοῦτο
578 1539 718 1619 πτώσεις
742 1544 808 1627 ἔχει
831 1542 984 1625 πλείους,
1011 1542 1140 1628 πρῶτον

127 1648 203 1733 μέν,
232 1643 284 1713 ὅτι
306 1641 327 1732 ή
351 1652 413 1712 ΕΖ
440 1641 461 1732 ή
484 1645 537 1712 ἐπὶ
561 1644 600 1712 τά
624 1644 728 1733 κυρτὰ
752 1645 835 1734 μέρη
859 1650 918 1732 τής
940 1656 1046 1734 τομής
1070 1652 1141 1732 λαμ·

127 1749 264 1838 βάνεται
295 1747 339 1832 ὡς
367 1753 517 1819 ἐνταῦθα
544 1747 565 1838 ή
594 1751 647 1820 ἐπὶ
675 1780 715 1821 τα
743 1761 855 1838 κοῖλα,
889 1756 1017 1838 ἔπειτα,
1047 1747 1140 1837 ὅτιή

127 1855 191 1925 ἀπὸ
225 1860 288 1926 τοῦ
320 1865 351 1925 E
380 1858 470 1947 παρὰ
503 1860 709 1947 τεταγμένως
740 1860 952 1947 κατηγμένην
986 1863 1052 1926 ἔσω
1087 1858 1141 1947 μὲν

75 1980 108 2029 15
127 1963 207 2033 καθ’
239 1968 276 2033 ἓν
309 1979 447 2053 σημεῖον
476 1965 658 2054 συμβάλλει
687 1964 883 2054 ἀδιαφόρως
910 1974 950 2054 τῇ
980 1968 1141 2056 διαμέτρῳ

128 2069 252 2163 ἀπείρῳ
278 2071 375 2163 οάση,
399 2077 459 2156 ἔξω
485 2073 522 2141 δὲ
546 2066 632 2142 οὖσα
654 2073 709 2141 καὶ
733 2071 876 2160 μάλιστα
900 2072 953 2139 ἐπὶ
971 2075 1031 2159 τής
1049 2070 1142 2159 ὑπερ-

128 2182 230 2266 βολής
261 2184 328 2266 ἔχει
356 2182 456 2248 θέσιν
484 2176 505 2266 ή
534 2180 680 2266 ἐξωτέρω
708 2182 768 2246 τοῦ
797 2186 824 2245 Β
853 2173 873 2265 ή
902 2178 955 2245 ἐπὶ
983 2182 1046 2246 τοῦ
1070 2186 1099 2245 Β
1125 2174 1141 2264 ἢ

128 2287 249 2374 μεταξὺ
272 2289 340 2353 τῶν
363 2295 410 2371 Α,
429 2293 467 2355 Β.

529 2412 598 2488 Εἰς
621 2408 661 2477 τὸ
686 2409 746 2489 κζ’.

76 2547 110 2597 20
187 2532 251 2600 Ἕν
273 2553 362 2601 τισιν
382 2530 601 2620 ἀντιγράφοις
621 2535 682 2600 τοῦ
700 2532 749 2613 κζ’
773 2531 991 2621 θεωρήματος
1011 2536 1144 2623 φέρεται

129 2639 266 2726 τοιαύτη
290 2638 471 2720 ἀπόδειξις·

197 2751 280 2814 ἔστω
304 2745 495 2833 παραβολή,
522 2737 562 2831 ἧς
588 2742 765 2833 διάμετρος
788 2743 808 2831 ή
832 2753 914 2832 ΑΒ,
941 2746 998 2813 καὶ
1021 2749 1145 2834 ταύτην

129 2853 274 2939 τεμνέτω
308 2850 426 2920 εὐθεῖά
454 2877 503 2930 τις
531 2849 551 2938 ή
580 2859 652 2919 ΗΛ
680 2853 775 2930 ἐντὸς
802 2856 860 2937 τής
887 2856 998 2940 τομῆς.
1050 2856 1145 2940 λέγω,

203 3053 226 3101 1.
249 3048 326 3118 ΘΜ]
347 3049 444 3116 ΘΒμ.
506 3048 585 3120 ΘΜ]
607 3050 705 3118 &Bp
775 3054 800 3102 2.
822 3052 1055 3118 HMecorr.p.
1122 3055 1146 3104 3.

130 3115 187 3188 κε’]
207 3135 291 3186 supra
311 3137 324 3172 ε
345 3135 395 3174 ser.
417 3120 434 3190 β
452 3124 518 3173 m.1
539 3138 567 3188 p.
639 3124 665 3174 4.
684 3136 757 3173 τισιν
775 3119 820 3173 W.
893 3125 918 3174 7.
939 3119 1011 3190 ΔΓ]
1032 3125 1059 3173 Δ
1078 3137 1146 3175 corr.

130 3205 164 3241 ex
185 3186 358 3242 Finserib.
377 3188 421 3242 W.
514 3197 538 3246 9.
558 3187 589 3261 ἡ]
610 3189 717 3259 scripsi,
736 3191 769 3261 τῇ
790 3189 859 3259 Wp.
950 3196 990 3244 10.
1012 3189 1147 3262 ις’]ςο

130 3274 199 3312 corr.
218 3276 255 3312 m.
277 3265 290 3312 1
310 3277 338 3326 p.
432 3266 473 3315 12.
497 3257 529 3333 ἥ]
549 3279 603 3318 om.
622 3280 649 3331 p.
743 3267 784 3316 14.
808 3260 861 3331 τι]
886 3260 916 3314 in
934 3277 989 3316 ras.
1008 3263 1076 3317 ante
1095 3280 1146 3317 ras.

129 3334 208 3382 2-3
227 3327 283 3383 litt.
302 3328 348 3385 W.
441 3329 506 3404 έσω]
532 3333 644 3402 scripsi,
668 3331 806 3401 έωςλδλμ.
900 3337 941 3387 16.
965 3327 1134 3403 ἀδιαφόρως

130 3399 239 3526 Ξῗῖλρῗ
252 3397 489 3545 δέλῗὲλὲιβλ
510 3492 556 3530 ιιι
575 3410 617 3545 ¹}
635 3401 1147 3545 ³5⁰‘v1]9⁰⁰ss¹³35'23‘&mmm
