2444 3892
370 154 586 208 conlocutus
601 156 712 208 LIBER
729 158 776 212 IV.
1034 157 1078 222 63

61 295 277 380 hyperbolem
305 300 409 363 ΑΒΓ
434 319 476 363 ne
509 319 583 362 cum
610 301 643 361 Ε
672 298 801 382 quidem
828 301 978 386 opposita
1006 323 1079 368 con-

63 402 174 469 currit.
220 424 298 490 crgo
321 426 362 469 ne
384 409 417 469 E
439 405 569 490 quidem
592 427 664 470 cum
689 409 717 469 Z
740 411 919 474 concurret.

520 634 623 700 XLII.

131 754 165 821 si
186 756 368 841 hyperbole
391 779 464 823 cum
487 761 625 841 utruque
650 757 801 842 oppositu
820 760 989 845 concurrit,
1012 782 1080 826 scc-

62 862 110 927 tio
145 864 174 927 ei
206 864 360 948 oppositu
392 887 465 930 cum
496 867 612 929 neutra
641 863 863 948 oppositarum
891 864 927 927 in
954 863 1079 930 duobus

60 969 192 1053 punctis
217 973 396 1035 concurret.

129 1076 196 1139 sint
220 1075 389 1158 oppositae
408 1079 448 1160 A,
468 1078 506 1160 B,
531 1079 563 1141 et
581 1076 765 1161 hyperbole
783 1077 883 1140 ΑΓΒ
903 1067 976 1139 cum
995 1077 1081 1139 utra-

61 1203 124 1263 que
148 1181 303 1265 opposita
326 1186 367 1266 A,
386 1186 415 1246 Β
437 1187 617 1249 concurrat.
660 1183 740 1268 dico,
765 1182 940 1247 sectionem
963 1181 1079 1267 hyper·

701 1289 795 1353 bolac
819 1290 918 1352 ΑΓΒ
948 1289 1079 1372 opposi-

618 1379 621 1386 ’
700 1397 769 1458 tam
789 1415 861 1458 cum
878 1393 1079 1459 sectionibus

700 1505 740 1584 A,
750 1505 779 1565 Β
791 1501 827 1564 in
842 1499 967 1565 duobus
977 1522 1077 1584 punc-

699 1607 743 1670 tis
774 1624 841 1671 non
877 1628 1075 1673 concurrere.

764 1735 841 1777 nam
865 1713 893 1776 si
912 1714 982 1778 fieri
1002 1718 1075 1796 pot-

700 1821 762 1899 est,
786 1823 955 1883 concurrat
977 1819 1012 1882 in
1032 1824 1074 1905 A,

699 1926 738 1999 E,
757 1925 790 1985 ct
805 1922 901 1987 ducta
914 1928 984 1986 ΑΒ
1000 1946 1075 2005 pro-

700 2025 841 2089 ducatur.
863 2031 996 2110 propter
1007 2048 1075 2093 scc-

55 2131 181 2196 tionem
206 2134 277 2195 ΔΒ
302 2131 403 2216 igitur
427 2134 518 2195 recto
543 2135 615 2194 ΔΒ
645 2152 717 2196 cum
745 2131 888 2195 sectione
912 2136 976 2196 AB
1005 2154 1073 2198 non

56 2242 226 2303 concurret
251 2236 311 2323 [H,
334 2239 405 2322 33],
433 2240 567 2321 propter
590 2241 695 2301 ΑΒΔ
723 2241 831 2302 autem
856 2258 929 2301 cum
951 2241 980 2301 Β
1006 2260 1074 2303 non

56 2347 241 2430 concurret,
263 2365 339 2408 num
358 2365 416 2427 per
439 2344 504 2408 trie
522 2344 580 2408 illu
597 2344 670 2409 locu
689 2343 746 2430 [H,
766 2345 822 2424 33]
843 2343 964 2429 ueniet3
988 2346 1073 2430 quod

57 2449 127 2514 fieri
145 2472 212 2516 non
224 2452 343 2534 potest.
376 2448 489 2516 eodem
507 2450 604 2515 modo
623 2450 929 2536 demonstrabimus,
946 2473 1017 2516 eam
1031 2474 1073 2516 ne

55 2577 130 2621 cum
149 2560 177 2620 Β
202 2556 331 2640 quidem
356 2557 497 2622 sectione
516 2557 550 2621 in
573 2557 697 2622 duobus
721 2557 849 2640 punctis
869 2579 1069 2624 concurrere.

123 2662 191 2726 ium
219 2662 331 2726 eudem
359 2662 397 2726 de
425 2684 523 2728 causa
544 2685 585 2728 ne
610 2664 777 2749 continget
801 2663 930 2748 quidem
953 2667 1072 2728 utrum-

53 2789 117 2852 que
141 2771 326 2834 sectioncm.
363 2765 491 2855 duota1)
516 2769 602 2834 enim
622 2773 687 2833 ΘΒ
707 2773 878 2855 utramque
897 2771 1073 2835 sectionem

53 2874 235 2960 continget,
260 2896 360 2958 quare
382 2878 516 2959 propter
539 2876 716 2942 sectionem
735 2880 804 2940 ΑΒ
826 2899 900 2942 cum
918 2879 986 2941 ΑΓ
1005 2897 1073 2941 non

52 2985 241 3066 concurret,
272 2986 407 3067 propter
430 2987 500 3046 AE
526 2986 634 3047 autem
662 2986 786 3047 cumB
814 3005 881 3048 non
908 2983 1073 3048 concurrit
1167 3048 1170 3053 ,

53 3086 110 3172 [II,
135 3088 201 3168 33].
240 3110 318 3174 ergo
341 3109 382 3153 ne
399 3090 470 3153 ΑΓ
489 3088 619 3173 quidem
642 3109 714 3154 curn
734 3093 763 3152 Β
784 3089 959 3174 concurrit,
984 3088 1071 3172 quod

51 3198 171 3259 contre
193 3194 402 3279 hypothesim
426 3197 483 3259 est.

126 3424 153 3492 1)
172 3422 363 3479 Anecoluthic
382 3422 466 3479 foeda
485 3424 514 3478 et
528 3422 580 3493 μέν
599 3422 767 3492 superfluum
785 3422 834 3478 lin.
851 3429 883 3478 19
899 3422 1068 3494 significent,

50 3493 163 3564 aliquid
181 3495 326 3550 turbatum
345 3510 414 3550 esse.
