2444 3892
140 122 205 188 346
425 122 688 175 οοιοιοωνεειε
706 121 875 185 Ααοιοοε.

139 264 293 352 τὴντῶν
318 269 392 350 ΓΑ,
412 271 476 330 ΖΑ
498 260 678 352 ὑπεροχήν.
717 263 773 329 καὶ
797 261 867 330 έκεῖ
890 266 985 348 ζητῶ,
1009 269 1044 330 εἴ
1058 263 1161 350 ἐστιν,

140 369 185 452 ὡς
216 369 237 457 ἡ
266 377 337 439 ΓΗ
360 369 444 455 πρὸς
472 375 552 455 ΓΑ,
579 366 600 455 ἡ
623 375 691 436 ΗΖ
717 369 802 456 πρὸς
825 375 907 454 ΖΑ,
935 371 1103 456 δεικτέον,
1131 379 1164 439 εἴ

139 480 245 563 ἐστιν,
275 475 319 557 ὡς
348 474 408 565 ὅλη
436 475 457 563 ἡ
486 482 557 544 ΗΓ
580 477 663 564 πρὸς
692 473 774 561 ὅλην
801 474 865 562 τὴν
892 481 973 562 ΓΑ,
1003 473 1112 558 οὕτως
1139 475 1159 564 ἡ

139 582 365 671 ἀφαιρεθεῖσα
391 580 412 669 ἡ
443 590 514 650 ΖΗ
536 583 621 670 πρὸς
648 579 897 668 ἀφαιρεθεῖσαν
922 580 986 668 τὴν
1010 590 1077 650 AZ
1104 584 1161 652 καῖ

103 688 237 777 σλοιιτη
261 688 282 776 ἡ
302 696 363 757 ΓΖ
386 688 469 775 πρὸς
491 687 613 774 λοιπὴν
631 685 779 773 τὴντῶν
798 693 874 773 ΓΑ,
894 694 961 755 ΖΑ
979 685 1158 777 ὑπεροχήν.

140 797 288 865 δεικτέον
317 795 397 885 ἄρα,
424 795 475 864 ὅτι
498 796 605 880 ἐστίν,
633 791 677 873 ὡς
699 791 720 879 ἡ
744 799 816 861 ΗΓ
834 793 919 883 πρὸς
942 800 1023 876 ΓΑ,
1052 793 1073 883 ἡ
1099 802 1159 864 ΓΖ

138 903 223 989 πρὸς
244 901 306 989 τὴν
328 907 396 969 τῶν
421 907 495 987 ΓΑ,
515 909 580 967 ZA
601 897 779 988 ὑπεροχήν.

491 1096 635 1174 ’Ἁλλως
657 1120 698 1162 το
723 1093 788 1166 λς’.

195 1219 369 1289 Ἔστωσαν
392 1217 617 1305 ἇντικείμεναι
641 1221 679 1286 αἴ
699 1227 742 1304 Α,
760 1226 792 1286 A
814 1219 870 1286 καὶ
889 1216 1104 1307 ἆσέμκτωτοι
1123 1224 1159 1288 αἴ

86 1344 119 1392 10
138 1335 220 1414 ΒΚ,
254 1333 321 1396 ΓΔ
352 1328 408 1395 καὶ
438 1327 649 1415 ε’φακτομένη
678 1325 700 1412 ἡ
728 1332 834 1393 BAA
859 1327 916 1395 καὶ
944 1329 1109 1415 διηγμένη
1136 1325 1156 1414 ἡ

138 1439 317 1501 ΛΚΛΗΖ
345 1433 401 1500 καῖ
427 1436 466 1521 τῇ
492 1437 558 1498 ΓΔ
584 1429 797 1520 παράλληλος
824 1431 845 1518 ἡ
874 1439 947 1500 AZ.
995 1435 1154 1520 δεικτέον,

138 1538 191 1610 ὅτι
215 1542 316 1625 ἐστίν,
340 1539 385 1617 ως
408 1537 428 1624 ἡ
452 1544 517 1604 ΛΖ
540 1540 625 1624 πρὸς
648 1543 724 1625 ΖΗ,
747 1535 768 1624 ἡ
792 1545 862 1605 AA
884 1536 968 1627 πρὸς
990 1546 1074 1609 ΔΗ.

205 1644 391 1730 ἐπεζεύχθω
420 1641 440 1728 ἡ
465 1649 541 1710 ΑΗ
564 1645 620 1710 καὶ
648 1644 876 1732 ἐκβεβλήσθω·
905 1647 1059 1734 φανερὸν
1083 1639 1155 1734 οὖν,

138 1747 189 1819 ὅτι
212 1758 267 1836 ἴση
292 1749 383 1818 ἐστὶν
405 1746 426 1834 ἡ
447 1756 513 1817 ΘΑ
534 1753 573 1839 τῇ
594 1757 663 1820 ΕΗ
681 1751 735 1818 καῖ
755 1748 776 1838 ἡ
797 1756 869 1818 ΘΗ
882 1755 922 1840 τῇ
941 1759 1018 1823 AE.
1059 1752 1154 1842 ἤχθω

84 1872 117 1921 15
137 1854 194 1924 διὰ
220 1859 282 1924 τοῦ
305 1864 339 1924 A
365 1855 453 1946 παρὰ
480 1856 543 1945 τὴν
567 1863 633 1925 ΘΓ
655 1854 675 1944 ἡ
699 1864 789 1924 AM·
818 1865 874 1944 ἴση
898 1859 964 1946 ἄρα
986 1856 1007 1946 ἡ
1031 1866 1099 1928 BA
1117 1863 1155 1950 τῇ

137 1973 208 2031 AA
234 1965 290 2031 καῖ
318 1961 338 2052 ἡ
367 1973 432 2033 ΘΑ
461 1976 501 2054 τῇ
529 1972 614 2033 AM
659 1963 680 2052 ἡ
710 1965 775 2052 ἄρα
806 1970 889 2032 ΜΗ
911 1960 1058 2054 ὑπεροχή
1087 1969 1155 2036 ἐστι

136 2074 204 2139 τῶν
241 2078 322 2156 ΘΑ,
349 2078 431 2156 ΑΗ,
469 2073 618 2139 τουτέστι
655 2073 721 2138 τῶν
752 2075 837 2156 ΑΗ,
865 2075 943 2136 ΗΕ.
997 2071 1054 2138 καῖ
1083 2074 1153 2141 ἐπεὶ

136 2175 349 2265 παράλληλός
376 2177 467 2242 ἐστιν
494 2173 515 2261 ἡ
544 2182 613 2241 ΒΚ
636 2179 676 2263 τῇ
706 2182 793 2260 AM,
826 2179 916 2243 ἔστιν
944 2175 1027 2263 ἄρα,
1060 2175 1108 2260 ὡς
1134 2177 1153 2265 ἡ

136 2289 205 2350 ΘΗ
226 2286 308 2368 πρὸς
331 2288 420 2365 ΗΜ,
443 2278 464 2366 η
489 2286 565 2347 KH
583 2281 667 2365 πρὸς
689 2288 770 2348 ΗΔ.
814 2288 870 2367 ἴση
894 2282 932 2350 δέ
954 2280 975 2369 ἡ
999 2283 1061 2370 μὲν
1086 2293 1153 2354 ΗΘ

82 2390 175 2474 νοσῇ
199 2394 277 2472 ΑΕ,
301 2384 320 2472 ἡ
346 2385 383 2452 δὲ
406 2392 477 2451 AA
499 2396 538 2474 τῇ
562 2391 646 2451 ΚΗ·
672 2382 716 2464 ὡς
739 2383 804 2474 ἄρα
827 2384 848 2472 η
873 2394 943 2454 AA
965 2389 1050 2476 πρὸς
1070 2398 1154 2477 ΔΗ,

209 2623 231 2669 1.
252 2615 315 2703 ΓΑ]
336 2618 388 2669 ΓΖ
406 2615 476 2683 Wp,
496 2630 565 2668 corr.
586 2613 692 2670 Comm.
766 2615 809 2686 εἴ]
830 2611 847 2686 ἡ
867 2619 936 2687 Wp,
957 2634 1026 2673 corr.
1044 2618 1150 2678 Comm.

171 2693 196 2740 2.
216 2688 353 2754 δεικτεον,
373 2687 403 2740 εἴ
418 2681 505 2757 ἐστιν]
525 2685 573 2739 uix
586 2702 699 2756 sanum,
718 2686 846 2742 δεικτέον
860 2683 878 2758 ἥ
893 2683 969 2744 ἐστιν
988 2689 1057 2761 Wp,
1078 2694 1153 2748 δεικ-

135 2755 200 2809 τέον
219 2752 264 2810 ὅτι
282 2755 393 2825 Halley.
465 2761 489 2810 3.
509 2751 622 2828 malm]
642 2756 699 2812 del.
718 2757 827 2827 Halley.
893 2765 919 2813 4.
938 2755 1150 2836 ἀφαιρεθεῖσα]

134 2843 205 2881 corr.
221 2843 255 2880 ex
273 2824 461 2896 ἄφαιρεθῆσα
479 2846 516 2883 m.
535 2836 547 2882 1
563 2829 609 2886 W.
676 2832 700 2884 ὅ.
721 2830 783 2898 ΓΑ]
803 2833 856 2882 ΓΖ
873 2829 945 2900 Wp,
964 2848 1034 2888 corr.
1045 2831 1151 2890 Comm.

171 2902 194 2951 6.
215 2896 362 2951 δέδεικται
376 2897 408 2952 δέ
428 2897 538 2967 Halley.
599 2906 623 2955 ⁷.
643 2900 706 2972 ΓΑ]
727 2900 840 2970 PWp,
859 2917 930 2957 corr.
944 2901 1050 2958 Comm.
1109 2914 1150 2962 11.

134 2968 298 3039 ΛΚΔΗΖ]
329 2973 478 3022 ΗΛΔΗΖ
500 2970 576 3039 Wp,
606 2987 675 3027 corr.
697 2969 802 3026 Oomm.
883 2972 947 3043 ΑΖ]
975 2977 1057 3029 ΑΖΔ
1080 2978 1151 3048 Wp,

134 3055 203 3095 corr.
224 3038 330 3094 Oomm.
423 3046 465 3095 12.
484 3042 552 3114 ΛΔ]
571 3047 623 3095 AA
642 3043 679 3096 W
704 3058 801 3110 ,οοττΙ
820 3041 926 3097 Comm.
1015 3051 1056 3100 13.
1077 3049 1151 3120 AH]

133 3115 183 3164 AB
203 3110 365 3179 W,A&p‚
386 3127 455 3167 corr.
476 3113 582 3168 Comm.
665 3113 731 3184 οον]
751 3130 804 3168 om.
824 3132 852 3194 p.
944 3121 986 3171 14.
1006 3112 1024 3186 ἡ
1045 3118 1098 3173 ΘΑ
1118 3151 1151 3161 -

133 3183 199 3253 καί]
220 3181 263 3237 bis
282 3182 319 3236 W
338 3181 438 3249 (altero
457 3183 520 3238 loco
540 3186 606 3238 ante
625 3187 687 3238 ΕΗ
702 3201 757 3239 ras.
778 3189 792 3237 1
812 3185 889 3254 1111).
967 3192 1010 3248 16.
1029 3183 1048 3258 ἡ
1067 3194 1136 3245 AM

135 3257 236 3308 HAM
250 3253 319 3323 Wp,
339 3269 409 3308 corr.
425 3252 529 3308 Comm.
604 3261 646 3310 16.
667 3252 742 3311 ἐστιν
760 3256 805 3310 W.
880 3263 921 3312 17.
940 3257 1086 3313 τουτέστιν
1144 3308 1150 3320 ,

169 3327 226 3379 τῶν
245 3357 280 3367 -
299 3320 377 3395 ἐκεί]
397 3324 498 3393 Halley
516 3341 579 3380 cum
599 3326 713 3397 Com,
736 3326 828 3381 lacun.
847 3326 915 3397 Wp.
1009 3335 1050 3384 19.
1074 3334 1149 3405 ΘΗ]

130 3397 198 3537 (ΘΗ
215 3415 241 3465 p.
276 3463 298 3536 ‹)
332 3392 403 3466 πρός
418 3397 480 3465 (pr.)
501 3428 534 3438 -
555 3398 629 3468 HA]
654 3399 745 3453 lacun.
764 3397 838 3467 Wp,
866 3414 936 3455 corr.
956 3416 1012 3470 mg.
1032 3420 1070 3457 m.
1090 3410 1106 3458 2
1126 3406 1152 3460 U

143 3486 251 3533 οντως
269 3488 307 3537 η.
