2444 3892
451 184 678 238 FRAGMENTA.
1007 185 1073 250 135

59 326 105 414 τῷ
131 329 163 390 Γ
182 332 268 409 ἴσον,
290 321 350 392 τὸν
374 322 477 393 αὐτὸν
500 324 556 391 καὶ
578 323 685 415 τούτῳ
708 324 835 412 κατέχει
856 328 970 395 τόπον.
1015 327 1071 394 καλ

59 429 96 497 τὸ
122 439 154 496 A
181 428 245 516 ἄρα
273 432 319 522 τῷ
344 436 377 497 Γ
404 427 463 498 τὸν
492 427 594 498 αὐτὸν
623 430 751 517 κατέχει
777 430 893 500 τόπον
927 441 983 501 ἴσα
1006 431 1072 520 ἄρα

59 537 157 605 ἐστίν.

125 698 176 762 55.
205 697 340 761 Proclus
363 697 398 760 in
421 696 525 761 Elem.
548 720 578 781 p.
599 697 673 782 279,
694 698 806 783 16sq.:

122 814 345 896 Ἀπολλύνιος
376 815 413 882 δέ
441 813 458 883 ὁ
485 823 653 902 Περγαῖος
680 818 790 904 τέμνει
816 819 878 906 τὴν
907 824 1069 888 δοθεῖσαν
1106 841 1123 889 σ

58 919 198 989 εὐθεῖαν
221 922 472 1009 πεπερασμένην
497 926 574 1010 δίχα
596 926 719 990 τοῦτον
741 922 801 992 τὸν
824 924 958 1013 τρόπον.

815 1037 916 1116 ἔστω,
952 1035 1072 1119 φησίν,

744 1133 764 1222 ἡ
785 1147 817 1204 Α
823 1144 850 1203 Β
874 1136 991 1205 εὐθεῖα
1014 1162 1070 1205 πε-

358 1131 392 1181 Γ

742 1245 943 1328 περασμένη,
958 1238 1002 1329 ἣν
1018 1246 1073 1311 δεῖ

742 1352 819 1435 δίχα
850 1361 975 1434 τεμεῖν,
1010 1349 1066 1416 καλ
1087 1365 1122 1413 10

739 1457 864 1545 κέντρῳ
880 1459 925 1545 τῷ
936 1464 978 1539 A,
994 1460 1067 1523 δια-

739 1561 878 1648 στήματι
891 1561 928 1628 δὲ
941 1566 986 1652 τῷ
998 1567 1065 1629 ΑΒ

737 1666 1065 1756 χεχρύφθωκύκλος,

737 1774 793 1840 καὶ
816 1773 918 1842 πάλιν
935 1775 1062 1864 κέντρῳ

738 1905 782 1968 τῳ
804 1886 843 1964 Β,
865 1883 1061 1965 ὃιαστηματι
1086 1896 1119 1945 15

749 1983 786 2050 δέ
808 1987 853 2074 τῷ
873 1991 939 2050 ΒΑ
958 1983 1072 2069 ἕτερος

53 2093 190 2179 κύκλος,
217 2094 273 2161 καὶ
297 2093 481 2179 ἐπεζεύχθω
511 2089 600 2177 ἡέπ
602 2089 699 2169 ὶτας
721 2087 825 2174 τομὰς
847 2093 913 2157 τῶν
937 2091 1070 2158 κύκλων

54 2195 76 2285 ἡ
98 2206 167 2268 ΓΛ.
212 2199 296 2284 αὕτη
321 2201 397 2285 δίχα
420 2199 530 2285 τεμυει
553 2195 616 2283 τὴν
637 2203 703 2264 ΑΒ
728 2195 874 2263 εὐθεῖαν.
1077 2196 1080 2205 ’

125 2305 377 2392 ἐπεζεύχθωσαν
407 2331 469 2392 γαρ
498 2307 536 2371 αλ
560 2309 635 2390 ΓΑ,
653 2309 715 2370 ΓΒ
744 2303 800 2369 καὶ
830 2305 867 2369 αλ
893 2311 974 2388 ΛΑ,
993 2310 1071 2372 ΑΒ.

56 2419 128 2478 λ’σαι
150 2410 215 2496 ἄρα
240 2412 326 2479 εἰσὶν
351 2414 387 2478 αλ
409 2416 478 2495 ΓΑ,
498 2416 572 2477 ΓΒ·
601 2410 740 2496 ἑκατέρα
762 2407 826 2496 γὰρ
851 2416 905 2494 λ’ση
928 2413 968 2496 τη
988 2416 1067 2475 ΑΒ·
1087 2423 1125 2473 20

53 2516 151 2604 κοινὴ
177 2519 215 2585 δέ
237 2518 258 2604 ἡ
283 2521 359 2602 ΓΔ,
383 2517 439 2584 καὶ
461 2514 482 2603 ἡ
507 2524 573 2583 ΔΑ
595 2526 635 2605 τῇ
660 2523 726 2583 ΑΒ
751 2523 805 2601 λ’ση
831 2514 886 2581 διὰ
910 2516 949 2580 τὰ
975 2513 1070 2583 αύτύ.

54 2621 75 2705 ἡ
101 2621 166 2709 ἄρα
189 2621 254 2691 ὑπὸ
275 2629 373 2691 ΑΓΔ
395 2628 502 2709 γωνία
526 2630 580 2709 λ’ση
604 2626 643 2711 τῇ
667 2622 733 2690 ὑπὸ
755 2626 863 2688 ΒΓΛ’
889 2619 971 2689 ὥστε
992 2625 1068 2709 δίχα

52 2731 208 2815 τέτμηται
231 2726 252 2815 ἡ
276 2736 341 2796 ΑΒ
366 2727 481 2797 διὰτὸ
505 2730 672 2816 τέταρτον.

121 2836 258 2920 τοιαύτη
285 2840 336 2914 τίς
363 2837 452 2902 ἐστιν
484 2832 505 2920 ἡ
535 2833 617 2902 κατὰ
643 2831 868 2902 Ἀπολλύυιον
900 2837 961 2902 τού
988 2858 1069 2917 προ·
1130 2879 1134 2886 -

52 2943 211 3028 κειμένου
229 2939 462 3029 προβλήματος
481 2943 598 3024 [Elem.
612 2943 636 3028 I,
657 2945 713 3026 10]
733 2938 901 3022 ἀπόδειξις
920 2939 985 3007 ἀπὸ
1005 2940 1067 3028 μέν
1087 2956 1122 3004 25

52 3050 116 3114 τού
140 3044 342 3133 ἰσοπλεύρου
365 3046 533 3132 τριγώνου
555 3048 610 3114 καὶ
630 3044 712 3133 αὐτὴ
732 3054 911 3135 ληφθεῖσα,
935 3045 1068 3130 &maz

51 3155 114 3221 τού
143 3158 259 3239 λαβεῖν
289 3156 366 3238 δίχα
393 3153 600 3238 τεμνομένην
623 3150 685 3239 τὴν
707 3152 790 3242 πρὸς
812 3158 857 3245 τῷ
882 3160 914 3221 Γ
937 3159 1067 3241 γωνίαν
1175 3143 1178 3148 ’

128 3458 169 3507 19.
189 3473 227 3507 κα
208 3455 287 3507 αί-
301 3458 344 3509 20.
365 3452 428 3544 ΓΒ]
449 3451 554 3519 addidi,
574 3468 627 3507 om.
642 3451 792 3506 Friedlein.
850 3457 892 3507 23
911 3449 943 3525 ἡ]
959 3455 1067 3525 scripsi,

52 3543 69 3577 ο
89 3523 238 3580 Friedlein
312 3529 354 3579 24
374 3520 406 3595 ἡ]
426 3522 534 3593 scripsi,
552 3518 633 3576 καλ
619 3543 637 3592 η
657 3521 804 3577 Friedlein
