2444 3892
132 183 196 247 134
456 190 458 195 ·
524 128 751 235 mamm.

197 324 262 390 Ofr.
281 349 311 410 p.
333 326 539 411 124‚17sq.:
562 319 795 407 τὴνίδιότητα
818 330 876 406 τῆς
898 323 1023 405 γωνίας
1048 317 1150 408 εὑρή-

129 449 232 515 σομεν
265 426 465 515 συναγωγὴν
498 428 559 515 μὲν
592 426 655 495 οὐκ
689 419 813 512 οὖσαν,
851 424 961 514 ὥσπερ
997 413 1148 510 [καὶξό

125 533 349 615 Ἀπολλώνιός
377 554 497 622 φησιν,
533 536 727 620 ἐπιφανείας
753 528 774 619 ἢ
804 536 955 621 στερεοῦς
987 558 1018 598 u.
1044 537 1148 602 etiam

128 668 159 728 p.
180 644 252 728 125,
275 645 324 709 17.

94 818 111 869 ο
198 805 249 869 54.
278 804 410 868 Proclus
434 804 468 868 in
491 802 595 867 Elem.
618 825 649 886 p.
670 801 742 885 183,
763 802 875 885 13sq.:

197 923 321 1011 Μάτην
337 920 400 991 οὖν
410 928 478 991 τῶν
490 922 687 1010 ἀξιωμάτων
698 921 920 1002 Ἀπολλώνιος
934 927 1147 1009 ἐπεχείρησεν

131 1029 317 1112 ἀποδείξεις
348 1028 583 1118 παραδιδόναι.
638 1028 752 1116 ὀρθῶς
778 1027 841 1116 γὰρ
871 1029 928 1096 καί
956 1025 973 1095 ὁ
1001 1035 1148 1116 Γεμῖνος

131 1138 320 1223 ἐπέστησεν,
340 1134 391 1203 ότι
411 1139 446 1202 oc
462 1134 523 1221 μὲν
542 1135 597 1202 καὶ
611 1139 678 1202 τῶν
693 1133 946 1204 ἀναποδείκτων
960 1131 1148 1218 ἀποδείξεις

132 1243 319 1329 ἐπενόησαν
342 1242 397 1309 καὶ
421 1239 486 1308 ἀπὸ
509 1238 769 1327 ἀγνωστοτέρων
793 1242 905 1327 μέσων
927 1238 967 1307 τὰ
990 1242 1147 1330 γνώριμα

77 1368 110 1416 10
128 1355 231 1417 πᾶσιν
265 1348 518 1428 κατασκευάζειν
546 1351 773 1433 ἐπεχείρησαν·
807 1343 825 1414 δ
855 1345 896 1434 δὴ
923 1349 1096 1416 πέπονθεν
1127 1347 1145 1418 ὁ

126 1454 349 1532 Ἀπολλιόνιος
387 1451 559 1521 δεικνύναι
597 1453 821 1539 βουλόμενος,
859 1451 911 1521 ὅτι
947 1452 1073 1540 ἀληθὲς
1105 1458 1144 1525 τὸ

128 1560 255 1644 ἀξίωμα
283 1560 320 1626 τό
353 1559 453 1643 λέγον
480 1556 520 1625 τὰ
549 1562 595 1648 τῷ
624 1554 714 1648 αὐτῷ
742 1567 798 1626 ίσα
826 1560 881 1626 καὶ
904 1559 1064 1647 ἀλλήλοις
1087 1571 1145 1629 ίσα

129 1663 223 1733 εἶναι.

196 1771 261 1838 cfr.
284 1796 315 1857 p.
340 1774 417 1854 194,
441 1773 476 1837 9:
513 1773 640 1838 πολλοῦ
673 1769 739 1858 ἀρα
769 1771 933 1860 δεήσομεν
960 1770 1055 1860 ἡμεῖς
1082 1775 1144 1844 τὸν

78 1895 111 1945 15
129 1877 320 1965 γεωμέτρην
340 1874 566 1945 ’Λπολλοόνιον
591 1879 750 1963 ἐπαινεῖν,
775 1873 811 1957 ὃς
833 1881 888 1946 καί
912 1883 980 1947 τῶν
1000 1879 1146 1969 ἀξιωμά-

128 2011 206 2070 των,
232 1981 275 2064 ὡς
295 1993 410 2071 οίέται,
434 1986 603 2072 γέγραφεν
622 1983 807 2066 ἀποδείξεις
826 1982 882 2052 ἀπ’
905 1987 1057 2066 ἐναντίας
1076 1986 1143 2057 Εό·

127 2096 240 2180 κλείδη
266 2093 464 2180 φερόμενος·
498 2088 516 2158 ὁ
545 2091 607 2177 μὲν
636 2090 700 2178 γάρ
728 2093 781 2159 καὶ
812 2090 850 2159 τὸ
880 2089 1078 2162 ἀποδεικτὸν
1105 2098 1143 2163 ἐν

101 2228 104 2233 ·
127 2211 197 2277 τοῖς
220 2198 378 2285 αἰτήμασι
400 2203 662 2285 κατηρίθμησεν,
686 2195 704 2265 ὁ
730 2197 766 2265 δὲ
785 2198 840 2264 καὶ
859 2201 927 2266 τῶν
946 2197 1113 2268 ἀναποδεί
1132 2241 1143 2252 -

127 2329 195 2370 των
219 2306 429 2393 ἐπεχείρησεν
452 2301 637 2383 ἀποδείξεις
660 2303 837 2390 εὑρίσκειν.

75 2426 109 2476 20
194 2408 306 2492 Ipsam
339 2411 657 2476 demonstrationem
676 2410 845 2494 Apollonii
877 2413 977 2478 habess
1008 2414 1142 2482 Proelus

126 2538 157 2598 p.
184 2515 256 2598 194,
280 2517 394 2599 20sq.:
425 2512 476 2581 ότι
506 2513 543 2580 δὲ
571 2513 627 2579 καί
654 2513 675 2599 ἡ
704 2511 888 2600 ἀπόδειξις,
917 2513 961 2603 ἣν
989 2513 1143 2588 δἈποί-

127 2618 248 2695 λα’νιος
276 2615 452 2704 εὑρηκέναι
476 2620 646 2687 πέπεισται
668 2624 730 2688 τοῦ
752 2620 888 2708 πρώτου
910 2626 977 2690 τῶν
1000 2621 1142 2712 ἀξιωμά-

126 2750 205 2809 των,
230 2719 331 2790 οὐδὲν
351 2732 478 2809 μᾶλλον
498 2730 641 2812 ἔχειτὸν
663 2728 766 2814 μέσον
784 2732 846 2795 τοῦ
866 2731 1143 2818 συμπεράσματος

126 2828 388 2918 γνωριμότερον,
403 2835 433 2898 εί
446 2831 490 2919 μὴ
506 2833 561 2900 καὶ
575 2834 677 2902 πλέον
687 2831 1016 2923 ἀμφισβητούμενον,
1032 2838 1141 2924 μάθοι

74 2955 108 3005 25
128 2962 177 3016 τις
199 2936 243 3004 ἀν
268 2939 445 3023 ἐπιβλέψας
468 2943 515 3018 είς
539 2938 645 3027 αὐτὴν
667 2946 723 3008 καὶ
747 2941 898 3030 σμικρόν.

196 3048 280 3112 ἔστω
303 3043 379 3132 γάρ,
403 3051 497 3131 φησί,
521 3045 559 3114 τὸ
578 3057 610 3114 Α
631 3051 677 3139 τῷ
696 3055 724 3115 Β
749 3057 836 3133 ἴσον,
859 3052 958 3117 τοῦτο
984 3050 1020 3118 δὲ
1038 3056 1084 3143 τῷ
1104 3058 1141 3121 Γ.

96 3198 101 3205 ·
127 3150 224 3236 λέγω,
249 3148 301 3217 ότι
324 3152 379 3218 καὶ
401 3149 439 3219 τὸ
464 3161 496 3218 A
518 3156 563 3242 τῷ
584 3160 615 3221 Γ
635 3163 719 3222 ίσον.
757 3156 825 3222 ἐπεὶ
849 3152 912 3240 γάρ
936 3154 974 3223 τὸ
995 3165 1027 3223 Α
1050 3166 1139 3248 τῷΒ

127 3264 220 3342 ίσον,
245 3258 304 3325 τὸν
328 3254 433 3325 αὐτὸν
457 3255 545 3349 αὐτῷ
569 3261 696 3347 κατέχει
719 3259 831 3329 τόπον.
875 3262 931 3328 καί
955 3263 1025 3330 ἐπεὶ
1049 3263 1085 3331 τὸ
1110 3273 1139 3333 Β

125 3419 338 3429 ——..--——

198 3528 222 3574 2.
238 3522 303 3592 καί]
319 3523 407 3579 deleo.
463 3530 504 3578 2³.
521 3519 570 3578 τὸν
585 3523 683 3595 μέσον]
699 3543 735 3580 sc.
751 3519 828 3595 ὅρον,
842 3521 873 3580 τό
889 3524 975 3596 μέσον
989 3530 1143 3589 Friedlein.
