2444 3892
516 96 683 168 Κααιιαεα
702 110 740 168 ι’.

601 333 665 374 να.

188 447 267 518 Ἐἀν
290 447 458 536 ὑπερβολὴ
479 448 633 536 ἑκατέρας
653 450 722 515 τῶν
741 443 984 535 ἀντικειμένων
1004 448 1140 537 ἐφάπτη-

124 582 193 642 ται,
226 553 246 641 ἡ
280 552 490 640 ἀντικειμένη
525 551 609 642 αὐτῇ
639 549 780 643 οὐδεμιᾷ
799 563 876 621 ,τῶν
904 551 1140 644 ἀντικειμένων

126 674 347 749 συμπεσεῖται.

89 783 106 832 5
193 773 342 835 ἔστωσαν
376 764 598 853 ἀντικείμεναι
632 767 669 831 αῖ
694 773 741 851 A,
765 771 809 851 Β,
841 765 898 833 καὶ
924 763 1139 856 ὑπερβολὴὴ

126 882 191 942 ΑΒ
215 873 369 959 ἑκατέρας
393 869 504 939 αὐτῶν
528 871 728 958 ἐφαπτέσθω
751 870 896 939 κατὰτὰ
920 880 965 959 A,
990 881 1030 961 Β,
1058 872 1140 944 ἀντι·

125 980 260 1067 κειμένη
286 978 323 1046 δέ
347 978 450 1062 αὐτῆς
473 982 555 1044 ἐστω
579 973 600 1063 ἡ
620 984 657 1043 Ε.
694 978 791 1064 λέγω,
817 975 868 1045 ότι
891 975 966 1066 ἡΕ
985 976 1141 1072 οὐδετέρᾳ

125 1091 195 1154 τῶν
219 1095 265 1171 A,
290 1092 317 1152 Β
342 1095 563 1169 συμπεσεῖται.

194 1197 224 1260 εἰ
254 1190 318 1277 γὰρ
352 1188 515 1274 δυνατόν,
548 1189 757 1273 συμπιπτέτω
789 1192 830 1278 τῇ
858 1197 891 1255 A
917 1190 1002 1258 κατὰ
1035 1191 1074 1259 τὸ
1102 1201 1139 1278 A,

76 1315 109 1363 10
129 1298 185 1364 καὶ
208 1298 370 1383 ἤχθωσαν
394 1291 457 1361 ἀπὸ
481 1296 548 1362 τῶν
571 1301 614 1379 Α,
633 1301 661 1361 Β
686 1292 912 1381 ἐφαπτόμεναι
931 1300 1001 1363 τῶν
1020 1301 1138 1384 τομῶν·

127 1407 375 1488 συμπεσοῦνται
400 1397 441 1485 δὴ
463 1397 622 1484 ἀλλήλαις
640 1395 735 1478 ἐντὸς
752 1402 820 1467 τῶν
839 1397 1071 1487 ἀσυμπτοότων
1088 1407 1139 1489 τῆς

127 1517 159 1575 A
165 1516 192 1576 Β
215 1511 326 1594 τομῆς·
364 1505 639 1590 συμπιπτέτωσαν
657 1504 797 1574 κατὰτὸ
819 1510 858 1592 Γ,
881 1506 937 1574 καὶ
957 1507 1136 1597 ἐπεζεύχθω

125 1612 146 1699 ἡ
171 1619 251 1679 ΓΛ·
275 1609 295 1697 ἡ
320 1608 385 1696 ἀρα
404 1615 436 1676 Γ
438 1617 470 1674 A
495 1611 531 1677 ἐν
554 1622 600 1702 τῷ
620 1610 742 1698 μεταξὺ
759 1610 850 1702 τόπφ
870 1617 963 1680 ἐσται
981 1618 1051 1682 τῶν
1070 1619 1137 1699 ΛΓ,

126 1724 197 1785 ΓΒ.
248 1713 331 1782 ἀλλὰ
357 1715 413 1782 καὶ
443 1715 565 1801 μεταξὺ
593 1720 661 1783 τῶν
690 1721 766 1801 ΒΓ,
791 1723 864 1784 ΓΖ’
897 1715 980 1806 ὅπερ
1009 1717 1138 1789 ἄτοπον.

76 1840 108 1889 15
129 1819 191 1891 οὐκ
214 1819 280 1908 ἀρα
304 1819 323 1907 ἡ
349 1829 380 1888 Ε
402 1835 614 1908 συμπεσεῖται
637 1834 710 1900 ταῖς
732 1830 779 1907 A,
798 1830 835 1889 Β.

601 2050 668 2138 νβ’.

191 2192 269 2261 Ἐὰν
294 2194 430 2281 ἑκατέρα
453 2197 521 2262 τῶν
541 2191 780 2279 ἀντικειμένων
795 2192 948 2278 ἑκατέρας
967 2199 1037 2264 τῶν
1055 2193 1139 2264 ἀντι-

126 2300 290 2385 κειμένων
321 2298 400 2367 καθ’
437 2303 473 2367 ἓν
507 2299 690 2387 ε’φάπτηται
719 2301 772 2367 ἐπὶ
799 2299 838 2366 τὰ
868 2298 952 2369 αότά
980 2301 1020 2369 τόι
1049 2311 1140 2371 κοῖλα

127 2410 264 2491 ἔχουσα,
289 2404 329 2472 οὐ
354 2418 566 2492 συμπεσεῖται
588 2401 669 2471 καθ’
697 2406 810 2494 ἕτερον
834 2419 981 2493 σημεῖον.

72 2528 108 2576 νο
194 2512 458 2596 ἐφαπτέσθωσαν
481 2511 545 2598 γὰρ
570 2508 725 2596 ἀλλήλων
750 2509 974 2599 ἀντικείμεναι
997 2512 1140 2583 κατὰτὰ

126 2627 168 2703 A,
191 2625 222 2683 A
247 2631 374 2703 σημεῖα.
406 2618 502 2702 λέγω,
528 2613 578 2684 ὅτι
601 2614 681 2683 καθ’
709 2618 822 2705 ἕτερον
842 2633 981 2705 σημεῖον
1001 2617 1044 2688 οὐ
1062 2641 1141 2708 συμ-

126 2723 320 2810 βάλλουσιν.

194 2833 224 2897 εἰ
245 2827 309 2916 νάρ
335 2827 493 2913 δυνατόν,
518 2829 798 2915 συμβαλλέτωσαν
820 2827 903 2897 κατὰ
926 2828 964 2899 τὸ
988 2838 1027 2899 Β.
1074 2832 1141 2900 ἐπεὶ

62 2944 65 2949 ’
127 2926 190 3003 οὖν
232 2933 401 3022 ὑπερβολὴ
437 2937 514 3020 μιάς
550 2924 618 3002 τῶν
655 2932 891 3021 ἀντικειμένων
929 2937 1141 3025 ἐφαπτομένη

74 3054 109 3103 25
128 3038 211 3107 κατά
239 3042 277 3108 τὸ
308 3048 340 3106 A
373 3041 586 3125 συμπέπτωκε
613 3040 696 3110 κατὰ
723 3041 761 3109 τὸ
790 3049 833 3127 Β,
867 3038 887 3128 ἡ
915 3040 981 3130 ἀρα
1009 3051 1076 3111 ΑΒ
1103 3048 1142 3133 τῇ

125 3152 195 3212 ΑΓ
215 3143 256 3213 οὐ
280 3145 462 3233 συμβάλλει
485 3145 566 3213 κατὰ
590 3154 728 3216 πλείονα
752 3161 869 3234 σημεῖα
892 3143 913 3235 ἢ
938 3150 983 3216 έν.
1030 3147 1142 3238 ἤχθω·

126 3269 191 3317 σαν
219 3249 284 3319 ἀπὸ
312 3256 380 3320 τῶν
404 3261 452 3338 A,
477 3260 509 3318 A
530 3256 599 3321 τῶν
623 3258 734 3341 τομῶν
759 3253 984 3342 ἐφαπτόμεναι
1008 3258 1045 3322 αῖ
1066 3263 1141 3341 ΑΘ,

196 3449 237 3498 17.
267 3441 402 3517 ἑκατέρας
421 3449 476 3504 τῶν
496 3443 711 3520 ἀντικειμένων]
730 3468 757 3519 p,
777 3464 830 3503 om.
845 3447 879 3502 V.
