2444 3892
157 125 222 190 194
436 125 700 178 commu
718 124 887 189 ιασιουι.

153 270 193 356 τῇ
217 263 283 334 ὑπὸ
303 272 413 333 ΗΚΕ
435 273 501 352 ἴση,
524 265 580 332 καῖ
603 265 701 350 βασις
722 261 743 350 ἡ
763 270 828 333 ΖΕ
848 266 889 353 τῇ
907 270 979 332 ΗΕ
1001 272 1071 350 ἴση.
1112 267 1185 336 ἐπεὶ

155 364 218 440 οὖν
245 369 266 458 ἡ
296 379 361 438 ΖΕ
391 369 509 440 εὐθεῖα
536 375 576 460 τῇ
605 378 676 439 ΗΕ
702 371 793 440 ἐστιν
821 379 893 457 ἴση,
924 368 1023 456 κοινὴ
1053 371 1097 440 δὲ
1124 374 1183 442 ταῖ

153 482 236 562 πρὸς
265 473 372 565 ὀρθὰς
400 475 420 564 ἡ
447 485 528 564 ΕΔ,
556 478 654 564 βάσις
681 475 747 564 ἄρα
775 474 797 564 ἡ
822 484 889 544 ΔΖ
914 480 954 567 τῇ
979 483 1054 544 ΔΗ
1086 481 1184 548 ἐστιν

154 593 219 671 ἴση.
265 585 366 653 πάλιν
395 585 464 652 ἐπεὶ
488 592 543 671 ἴση
568 584 659 652 ἐστὶν
683 581 704 670 ἡ
728 591 795 652 ΒΑ
817 585 1012 672 περιφέρεια
1034 594 1078 674 τῇ
1105 592 1182 673 ΒΓ,

118 691 209 761 σιιαῖ
232 696 339 777 γωνία
363 688 428 778 ἄρα
451 687 472 776 ἡ
496 688 562 758 ὑπὸ
586 697 690 758 ΑΚΒ
713 694 752 779 τῇ
776 687 842 758 ὑπὸ
861 696 893 758 Γ
895 697 960 757 ΚΒ
985 691 1080 758 ἐστιν
1107 701 1181 780 ἴση·

155 795 238 866 ὥστε
261 798 317 866 καῖ
340 799 439 885 λοιπὴ
466 802 513 878 εἴς
535 795 594 877 τὰς
613 797 676 865 δύο
697 794 806 885 ὀρθὰς
825 794 846 884 ἡ
864 794 929 865 ὑπὸ
948 803 1057 864 ΛΚΕ
1075 802 1180 886 λοιπῇ

154 908 201 983 εἴς
223 902 282 983 τὰς
305 902 368 972 δύο
393 903 501 993 ὀρθὰς
522 909 562 993 τῇ
586 902 652 972 ὑπὸ
671 910 703 972 Γ
705 911 774 972 ΚΕ
795 906 887 972 ἐστιν
911 912 977 990 ἴση.
1014 905 1088 971 ἐπεὶ
1111 896 1179 973 οὖν

153 1006 261 1097 ἡΑΚ
279 1009 396 1078 εὐθεῖα
414 1013 453 1097 τῇ
475 1015 541 1076 ΓΚ
557 1013 647 1079 ἐστιν
668 1019 736 1097 ἴση·
756 1012 791 1078 έιι
809 1011 951 1098 κέντρου
970 1009 1047 1095 γάρ·
1072 1013 1176 1097 κοινὴ

154 1115 190 1183 δὲ
219 1113 240 1203 ἡ
264 1123 348 1200 ΚΕ,
377 1115 439 1184 δύο
468 1117 568 1184 δυσὶν
597 1125 682 1202 ἴσαι,
709 1116 766 1183 ιιαῖ
793 1120 900 1202 γωνία
929 1112 949 1203 ἡ
977 1112 1043 1183 ὑπὸ
1069 1123 1179 1184 ΛΚΕ

102 1244 136 1294 10
155 1249 194 1310 τη
219 1219 283 1290 ὑπὸ
304 1228 416 1290 ΓΚΕ·
440 1222 495 1289 καὶ
517 1221 615 1308 βάσις
638 1220 704 1311 ἄρα
728 1220 748 1309 ἡ
768 1230 839 1290 ΑΕ
853 1226 894 1311 τῇ
913 1228 978 1290 ΓΕ
994 1223 1088 1291 ἐστιν
1109 1232 1174 1309 ἴση.

153 1328 223 1396 ἐπεὶ
252 1320 316 1396 οὖν
345 1337 400 1415 ἴση
429 1325 543 1415 ἡΑΕ
565 1328 683 1396 εὐθεῖα
705 1332 745 1418 τῇ
769 1335 846 1414 ΓΕ,
874 1326 971 1414 κοινὴ
996 1327 1033 1396 δὲ
1058 1326 1080 1415 ἡ
1104 1335 1175 1396 ΕΔ

150 1434 207 1502 καῖ
230 1438 313 1522 πρὸς
337 1431 455 1520 ὀρθάς,
479 1433 577 1522 βασιςΙ
600 1432 666 1521 ἄρα
689 1431 710 1522 ἡ
735 1443 807 1503 ΔΑ
828 1439 867 1525 τῇ
888 1441 958 1503 ΔΓ
978 1443 1042 1521 ἴση.
1083 1431 1175 1523 ὁμοί-

152 1568 197 1621 ως
221 1541 258 1608 δὲ
280 1540 336 1607 καὶ
360 1543 463 1607 πᾶσαι
488 1539 726 1627 δειχθήσονται
750 1544 788 1609 αἴ
809 1550 884 1610 ἴσον
909 1542 1094 1628 ἀπέχουσαι
1115 1545 1173 1628 τῆς

153 1653 219 1713 ΔΒ
247 1642 268 1732 ἢ
296 1650 355 1733 τῆς
376 1653 443 1714 ΔΘ
471 1655 549 1715 ἴσαι.
594 1648 649 1715 καὶ
678 1648 748 1716 ἐπεὶ
776 1649 796 1736 ἡ
822 1656 885 1717 ΕΘ
910 1652 969 1733 τῆς
992 1655 1055 1715 ΕΖ
1081 1651 1173 1717 ἐστιν

97 1774 132 1822 15
152 1750 316 1837 ἐλάσσον,
339 1752 436 1838 κοινὴ
461 1751 498 1821 δέ
520 1753 576 1821 καὶ
599 1753 681 1843 πρὸς
705 1752 813 1839 ὀρθὰς
836 1753 856 1841 ἡ
882 1762 959 1839 ΕΔ,
983 1754 1082 1841 βάσις
1106 1754 1172 1844 ἄρα

151 1855 260 1944 ἡΔΘ
281 1855 412 1944 βάσεως
434 1863 494 1947 τῆς
518 1868 585 1928 ΔΖ
608 1866 699 1931 ἐστιν
723 1860 884 1930 ἐλάσσων.
929 1863 1031 1929 πάλιν
1055 1863 1127 1930 ἐπεὶ
1152 1858 1172 1949 ἡ

151 1963 216 2033 ἀπὸ
244 1969 306 2033 τοῦ
329 1973 361 2033 Ε
387 1969 599 2056 ἐφαπτομένη
622 1974 683 2038 τοῦ
706 1969 833 2037 κύκλου
855 1971 971 2037 πασῶν
994 1970 1064 2035 τῶν
1089 1973 1173 2056 πρὸς

151 2071 213 2158 τὴν
237 2070 364 2160 κυρτὴν
386 2077 601 2163 περιφέρειαν
625 2079 907 2164 προσπιπτουσῶν
927 2079 1046 2161 μείζων
1068 2077 1172 2160 ἐστίν,

152 2181 288 2265 ἐδείχθη
318 2179 355 2248 δὲ
384 2184 420 2249 έν
448 2193 494 2273 τῷ
522 2182 556 2268 γ’
585 2193 644 2268 τῆς
671 2184 906 2269 στοιχειώσεως
932 2185 969 2249 τὸ
998 2177 1063 2249 ὑπὸ
1091 2190 1171 2268 ΑΕ,

98 2305 132 2354 20
152 2292 218 2352 EA
251 2292 327 2353 ἴσον
358 2292 404 2377 τῷ
437 2285 502 2356 ἀπὸ
532 2292 592 2374 τῆς
615 2295 692 2366 ΕΖ,
725 2288 806 2356 ὅταν
835 2287 854 2374 ἡ
884 2296 946 2355 ΕΖ
974 2288 1172 2375 ἐφάπτηται,

152 2397 242 2460 ἔστιν
266 2392 344 2479 ἄρα,
369 2391 414 2473 ὡς
436 2391 456 2480 ἡ
477 2401 545 2460 ΑΕ
566 2396 648 2477 πρὸς
667 2399 740 2478 ΕΖ,
764 2391 785 2480 ἡ
805 2400 867 2459 ΕΖ
886 2397 969 2479 πρὸς
988 2399 1062 2461 ΕΛ.
1101 2400 1170 2480 μεί-

152 2504 215 2579 ζον
245 2500 285 2566 δέ
310 2503 400 2568 έστιν
429 2497 534 2584 ἡΕΖ
562 2508 619 2582 τῆς
642 2505 721 2565 ΕΛ·
751 2495 802 2566 ἀεὶ
829 2499 893 2584 γὰρ
922 2498 943 2585 ἡ
972 2505 1087 2584 ἔγγιον
1110 2505 1172 2586 τῆς

150 2606 322 2692 ἐλαχίστης
349 2610 407 2690 της
435 2601 609 2687 ἀπώτερόν
638 2607 728 2671 ἐστιν
757 2604 922 2672 ἐλάσσων·
954 2611 1073 2692 μείζων
1103 2605 1171 2694 ἄρα

148 2712 204 2779 καὶ
232 2708 252 2797 ἡ
277 2719 344 2779 ΑΕ
370 2716 428 2799 τῆς
454 2717 525 2777 ΕΖ.
572 2710 642 2777 ἐπεὶ
671 2702 734 2778 οὖν
762 2707 783 2796 ἡ
808 2718 870 2777 ΕΖ
897 2715 956 2797 τῆς
980 2719 1047 2779 ΕΑ
1075 2715 1170 2780 ἐστιν

96 2834 131 2882 25
151 2816 315 2900 ἐλάσσων,
338 2816 435 2902 κοινὴ
460 2816 497 2884 δὲ
519 2815 575 2882 καῖ
598 2820 680 2903 πρὸς
704 2814 811 2905 ὀρθὰς
835 2814 855 2903 ἡ
880 2824 957 2902 ΕΔ,
981 2817 1078 2904 βάσις
1102 2817 1170 2902 ἄρα

150 2917 170 3006 ἡ
195 2928 263 2988 ΔΖ
284 2925 342 3009 τῆς
365 2930 436 2989 ΔΑ
459 2923 550 2990 ἐστιν
575 2921 733 2991 ἐλάσσων.
776 2921 878 2991 πάλιν
901 2923 972 2991 ἐπεὶ
996 2931 1050 3009 ἴση
1075 2925 1171 2992 ἐστὶν

148 3024 261 3113 ἡΑΚ
282 3038 322 3116 τῇ
342 3034 420 3111 ΚΒ,
444 3025 540 3114 κοινὴ
565 3029 602 3096 δὲ
621 3025 641 3116 ἡ
662 3037 740 3115 ΚΕ,
765 3029 828 3097 δύο
852 3029 918 3117 ἄρα
943 3034 980 3097 αἴ
996 3036 1078 3114 ΑΚ,
1098 3038 1172 3098 ΚΕ

149 3147 220 3213 ταῖς
249 3141 332 3218 ΕΚ,
356 3141 437 3219 ΚΒ,
465 3136 637 3204 τουτέστιν
666 3134 726 3226 ὅλη
754 3141 794 3224 τῇ
822 3142 938 3219 ΕΚΒ,
972 3141 1057 3205 εἴσιν
1086 3145 1169 3206 ἴσαι.

148 3236 221 3307 ἀλλ’
248 3243 285 3307 αἴ
308 3248 392 3327 ΑΚ,
416 3247 484 3310 ΚΕ
506 3253 565 3328 τῆς
588 3251 658 3310 ΑΕ
678 3243 826 3329 μείζονές
850 3247 948 3310 εἴσιν·
977 3244 1033 3310 καὶ
1056 3242 1076 3330 ἡ
1102 3250 1171 3312 ΒΕ

221 3403 444 3473 1.ΖΕ]ΖΘΡ.
518 3402 982 3472 ΗΕ]ΗΘ,Ηοοοττ,οι.1,ρ,
1055 3405 1168 3476 ΗΕ]

148 3473 218 3526 w?
237 3491 264 3542 p.
354 3475 424 3546 ΗΕ]
445 3476 504 3529 ΗΘ
522 3491 549 3542 p.
635 3478 660 3528 4.
685 3472 746 3543 BA]
772 3470 943 3543 βάσιςΚρ,
969 3489 1039 3528 corr.
1059 3473 1167 3531 Comm.
