<?xml version="1.0" encoding="UTF-8"?>
<!DOCTYPE html PUBLIC "-//W3C//DTD XHTML 1.0 Transitional//EN"
    "http://www.w3.org/TR/xhtml1/DTD/xhtml1-transitional.dtd">
<html xmlns="http://www.w3.org/1999/xhtml" xml:lang="en" lang="en">
 <head>
  <title>
</title>
<meta http-equiv="Content-Type" content="text/html;charset=utf-8" />
  <meta name='ocr-system' content='tesseract 3.04.00' />
  <meta name='ocr-capabilities' content='ocr_page ocr_carea ocr_par ocr_line ocrx_word'/>
</head>
<body>
  <div class='ocr_page' id='page_1' title='image "./apolloniipergae01apolgoog_0127.png"; bbox 0 0 2444 3892; ppageno 0'>
   <div class='ocr_carea' id='block_1_1' title="bbox 414 147 1117 216">
    <p class='ocr_par' dir='ltr' id='par_1_1' title="bbox 414 147 1117 216">
     <span class='ocr_line' id='line_1_1' title="bbox 414 147 1117 216; baseline 0.004 -17"><span class='ocrx_word' id='word_1_1' title='bbox 414 147 627 200; x_wconf 76' lang='lat' dir='ltr'><strong>comconnn</strong></span> <span class='ocrx_word' id='word_1_2' title='bbox 643 149 753 201; x_wconf 73' lang='lat' dir='ltr'><strong>omns</strong></span> <span class='ocrx_word' id='word_1_3' title='bbox 770 150 816 204; x_wconf 84' lang='lat' dir='ltr'><strong>1v.</strong></span> <span class='ocrx_word' id='word_1_4' title='bbox 1075 151 1117 216; x_wconf 78' lang='lat'><strong>37</strong></span> 
     </span>
    </p>
   </div>
   <div class='ocr_carea' id='block_1_2' title="bbox 104 290 1121 903">
    <p class='ocr_par' dir='ltr' id='par_1_2' title="bbox 104 290 1121 903">
     <span class='ocr_line' id='line_1_2' title="bbox 106 290 1121 382; baseline 0.01 -30"><span class='ocrx_word' id='word_1_5' title='bbox 106 292 212 353; x_wconf 88' lang='lat' dir='ltr'><strong>terum</strong></span> <span class='ocrx_word' id='word_1_6' title='bbox 241 293 298 353; x_wconf 85' lang='lat' dir='ltr'><strong>eut</strong></span> <span class='ocrx_word' id='word_1_7' title='bbox 323 311 382 372; x_wconf 89' lang='lat' dir='ltr'><strong>per</strong></span> <span class='ocrx_word' id='word_1_8' title='bbox 409 293 568 355; x_wconf 87' lang='lat' dir='ltr'><strong>neutrum.</strong></span> <span class='ocrx_word' id='word_1_9' title='bbox 613 290 680 355; x_wconf 84' lang='lat' dir='ltr'><strong>iem</strong></span> <span class='ocrx_word' id='word_1_10' title='bbox 709 291 737 355; x_wconf 88' lang='lat' dir='ltr'><strong>si</strong></span> <span class='ocrx_word' id='word_1_11' title='bbox 758 314 816 376; x_wconf 88' lang='lat' dir='ltr'><strong>per</strong></span> <span class='ocrx_word' id='word_1_12' title='bbox 837 296 873 357; x_wconf 87' lang='lat' dir='ltr'><em>H</em></span> <span class='ocrx_word' id='word_1_13' title='bbox 896 296 1003 361; x_wconf 87' lang='lat' dir='ltr'><strong>solnm</strong></span> <span class='ocrx_word' id='word_1_14' title='bbox 1027 295 1121 382; x_wconf 70' lang='lat' dir='ltr'><strong>ondit</strong></span> 
     </span>
     <span class='ocr_line' id='line_1_3' title="bbox 105 395 1120 482; baseline 0.01 -24"><span class='ocrx_word' id='word_1_15' title='bbox 105 416 171 458; x_wconf 91' lang='lat' dir='ltr'><strong>non</strong></span> <span class='ocrx_word' id='word_1_16' title='bbox 204 395 267 458; x_wconf 78' lang='lat' dir='ltr'><strong>eriI</strong></span> <span class='ocrx_word' id='word_1_17' title='bbox 295 399 361 459; x_wconf 90' lang='lat' dir='ltr'><strong>AB</strong></span> <span class='ocrx_word' id='word_1_18' title='bbox 393 399 499 462; x_wconf 83' lang='lat' dir='ltr'><strong>rectae</strong></span> <span class='ocrx_word' id='word_1_19' title='bbox 527 399 597 461; x_wconf 87' lang='grc' dir='ltr'><strong>ΒΚ</strong></span> <span class='ocrx_word' id='word_1_20' title='bbox 627 397 786 482; x_wconf 82' lang='lat' dir='ltr'><strong>aequalis,</strong></span> <span class='ocrx_word' id='word_1_21' title='bbox 818 400 873 465; x_wconf 82' lang='lat' dir='ltr'><strong>sed</strong></span> <span class='ocrx_word' id='word_1_22' title='bbox 905 401 962 466; x_wconf 79' lang='lat' dir='ltr'><strong>olii</strong></span> <span class='ocrx_word' id='word_1_23' title='bbox 992 402 1120 468; x_wconf 80' lang='lat' dir='ltr'><strong>cuidem</strong></span> 
     </span>
     <span class='ocr_line' id='line_1_4' title="bbox 108 499 1119 592; baseline 0.011 -29"><span class='ocrx_word' id='word_1_24' title='bbox 108 499 274 588; x_wconf 82' lang='lat'>[111,31];</span> <span class='ocrx_word' id='word_1_25' title='bbox 298 501 383 586; x_wconf 89' lang='lat' dir='ltr'><strong>quod</strong></span> <span class='ocrx_word' id='word_1_26' title='bbox 407 503 584 567; x_wconf 82' lang='lat' dir='ltr'><strong>absurdum</strong></span> <span class='ocrx_word' id='word_1_27' title='bbox 608 507 667 567; x_wconf 84' lang='lat' dir='ltr'><strong>est.</strong></span> <span class='ocrx_word' id='word_1_28' title='bbox 710 503 763 567; x_wconf 91' lang='lat' dir='ltr'><strong>sin</strong></span> <span class='ocrx_word' id='word_1_29' title='bbox 783 525 842 588; x_wconf 89' lang='lat' dir='ltr'><strong>per</strong></span> <span class='ocrx_word' id='word_1_30' title='bbox 863 506 898 569; x_wconf 95' lang='lat' dir='ltr'><strong><em>K</em></strong></span> <span class='ocrx_word' id='word_1_31' title='bbox 918 508 1031 592; x_wconf 89' lang='lat' dir='ltr'><strong>solum,</strong></span> <span class='ocrx_word' id='word_1_32' title='bbox 1053 529 1119 573; x_wconf 89' lang='lat' dir='ltr'><strong>non</strong></span> 
     </span>
     <span class='ocr_line' id='line_1_5' title="bbox 105 608 1119 693; baseline 0.008 -23"><span class='ocrx_word' id='word_1_33' title='bbox 105 608 167 672; x_wconf 90' lang='lat' dir='ltr'><strong>erit</strong></span> <span class='ocrx_word' id='word_1_34' title='bbox 183 610 268 671; x_wconf 80' lang='lat' dir='ltr'><strong>PA:</strong></span> <span class='ocrx_word' id='word_1_35' title='bbox 284 612 351 672; x_wconf 81' lang='grc' dir='ltr'><strong>ΔΘ</strong></span> <span class='ocrx_word' id='word_1_36' title='bbox 366 637 407 660; x_wconf 91' lang='lat'><strong>==</strong></span> <span class='ocrx_word' id='word_1_37' title='bbox 423 612 602 693; x_wconf 79' lang='grc' dir='ltr'>ΓΗ.ΗΘ,</span> <span class='ocrx_word' id='word_1_38' title='bbox 627 609 765 673; x_wconf 78' lang='lat' dir='ltr'><strong>sedalis</strong></span> <span class='ocrx_word' id='word_1_39' title='bbox 785 612 942 693; x_wconf 78' lang='lat' dir='ltr'><strong>quaedam</strong></span> <span class='ocrx_word' id='word_1_40' title='bbox 960 613 1001 678; x_wconf 82' lang='lat' dir='ltr'><strong>ad</strong></span> <span class='ocrx_word' id='word_1_41' title='bbox 1020 613 1119 678; x_wconf 77' lang='lat' dir='ltr'><strong>eliam</strong></span> 
     </span>
     <span class='ocr_line' id='line_1_6' title="bbox 106 711 1119 804; baseline 0.006 -28"><span class='ocrx_word' id='word_1_42' title='bbox 106 711 181 797; x_wconf 93' lang='grc' dir='ltr'>[ΙΠ,</span> <span class='ocrx_word' id='word_1_43' title='bbox 210 714 276 795; x_wconf 87' lang='grc'><strong>39].</strong></span> <span class='ocrx_word' id='word_1_44' title='bbox 328 714 378 778; x_wconf 90' lang='lat' dir='ltr'><strong>sin</strong></span> <span class='ocrx_word' id='word_1_45' title='bbox 410 735 468 798; x_wconf 90' lang='lat' dir='ltr'><strong>per</strong></span> <span class='ocrx_word' id='word_1_46' title='bbox 495 718 646 778; x_wconf 85' lang='lat' dir='ltr'><strong>neutrum</strong></span> <span class='ocrx_word' id='word_1_47' title='bbox 672 716 868 798; x_wconf 86' lang='lat' dir='ltr'><strong>punctorum</strong></span> <span class='ocrx_word' id='word_1_48' title='bbox 894 719 939 797; x_wconf 92' lang='lat' dir='ltr'><strong>K,</strong></span> <span class='ocrx_word' id='word_1_49' title='bbox 961 722 1001 784; x_wconf 88' lang='lat' dir='ltr'><em>H</em></span> <span class='ocrx_word' id='word_1_50' title='bbox 1024 719 1119 804; x_wconf 81' lang='lat' dir='ltr'><strong>cedit,</strong></span> 
     </span>
     <span class='ocr_line' id='line_1_7' title="bbox 104 819 636 903; baseline 0.004 -22"><span class='ocrx_word' id='word_1_51' title='bbox 104 823 277 903; x_wconf 86' lang='lat' dir='ltr'><strong>utrumqne</strong></span> <span class='ocrx_word' id='word_1_52' title='bbox 301 819 477 885; x_wconf 82' lang='lat' dir='ltr'><strong>absurdum</strong></span> <span class='ocrx_word' id='word_1_53' title='bbox 497 819 636 884; x_wconf 90' lang='lat' dir='ltr'><strong>eueniet.</strong></span> 
     </span>
    </p>
   </div>
   <div class='ocr_carea' id='block_1_3' title="bbox 552 1081 674 1148">
    <p class='ocr_par' dir='ltr' id='par_1_3' title="bbox 552 1081 674 1148">
     <span class='ocr_line' id='line_1_8' title="bbox 552 1081 674 1148; baseline 0.008 -1"><span class='ocrx_word' id='word_1_54' title='bbox 552 1081 674 1148; x_wconf 89' lang='lat' dir='ltr'><strong>XXIII.</strong></span> 
     </span>
    </p>
   </div>
   <div class='ocr_carea' id='block_1_4' title="bbox 100 1222 1145 1836">
    <p class='ocr_par' dir='ltr' id='par_1_4' title="bbox 100 1222 1145 1836">
     <span class='ocr_line' id='line_1_9' title="bbox 171 1222 1120 1310; baseline 0.003 -24"><span class='ocrx_word' id='word_1_55' title='bbox 171 1222 296 1287; x_wconf 84' lang='lat' dir='ltr'>Rursus</span> <span class='ocrx_word' id='word_1_56' title='bbox 329 1224 395 1288; x_wconf 87' lang='lat' dir='ltr'><strong>sint</strong></span> <span class='ocrx_word' id='word_1_57' title='bbox 430 1225 598 1310; x_wconf 85' lang='lat' dir='ltr'><strong>oppositae</strong></span> <span class='ocrx_word' id='word_1_58' title='bbox 626 1231 670 1310; x_wconf 87' lang='lat' dir='ltr'><strong>A,</strong></span> <span class='ocrx_word' id='word_1_59' title='bbox 693 1229 731 1310; x_wconf 89' lang='grc' dir='ltr'><strong>Β,</strong></span> <span class='ocrx_word' id='word_1_60' title='bbox 760 1230 793 1290; x_wconf 88' lang='lat' dir='ltr'><strong>et</strong></span> <span class='ocrx_word' id='word_1_61' title='bbox 819 1229 975 1309; x_wconf 86' lang='lat' dir='ltr'><strong>punctum</strong></span> <span class='ocrx_word' id='word_1_62' title='bbox 1003 1229 1037 1289; x_wconf 93' lang='lat' dir='ltr'><em>A</em></span> <span class='ocrx_word' id='word_1_63' title='bbox 1063 1245 1120 1309; x_wconf 92' lang='lat' dir='ltr'><strong>po-</strong></span> 
     </span>
     <span class='ocr_line' id='line_1_10' title="bbox 103 1328 1145 1416; baseline 0.005 -25"><span class='ocrx_word' id='word_1_64' title='bbox 103 1328 202 1391; x_wconf 88' lang='lat' dir='ltr'><strong>situm</strong></span> <span class='ocrx_word' id='word_1_65' title='bbox 231 1329 274 1393; x_wconf 88' lang='lat' dir='ltr'><strong>sit</strong></span> <span class='ocrx_word' id='word_1_66' title='bbox 301 1329 335 1393; x_wconf 91' lang='lat' dir='ltr'><strong>in</strong></span> <span class='ocrx_word' id='word_1_67' title='bbox 360 1330 494 1415; x_wconf 80' lang='lat' dir='ltr'><strong>angulo,</strong></span> <span class='ocrx_word' id='word_1_68' title='bbox 524 1332 580 1416; x_wconf 90' lang='lat' dir='ltr'><strong>qui</strong></span> <span class='ocrx_word' id='word_1_69' title='bbox 604 1333 725 1416; x_wconf 82' lang='lat' dir='ltr'><strong>angulo</strong></span> <span class='ocrx_word' id='word_1_70' title='bbox 749 1332 790 1397; x_wconf 86' lang='lat' dir='ltr'><strong>ab</strong></span> <span class='ocrx_word' id='word_1_71' title='bbox 814 1333 1010 1416; x_wconf 81' lang='lat' dir='ltr'><strong>asymptotis</strong></span> <span class='ocrx_word' id='word_1_72' title='bbox 1035 1337 1145 1396; x_wconf 68' lang='lat' dir='ltr'><strong>eom-⁴</strong></span> 
     </span>
     <span class='ocr_line' id='line_1_11' title="bbox 100 1434 1120 1523; baseline 0.006 -27"><span class='ocrx_word' id='word_1_73' title='bbox 100 1434 262 1518; x_wconf 85' lang='lat' dir='ltr'><strong>prehenso</strong></span> <span class='ocrx_word' id='word_1_74' title='bbox 286 1435 438 1520; x_wconf 82' lang='lat' dir='ltr'>deinceps</span> <span class='ocrx_word' id='word_1_75' title='bbox 463 1439 513 1501; x_wconf 91' lang='lat' dir='ltr'><strong>est</strong></span> <span class='ocrx_word' id='word_1_76' title='bbox 534 1438 671 1523; x_wconf 89' lang='lat' dir='ltr'><strong>positus,</strong></span> <span class='ocrx_word' id='word_1_77' title='bbox 694 1438 892 1523; x_wconf 81' lang='lat' dir='ltr'><strong>duceturque</strong></span> <span class='ocrx_word' id='word_1_78' title='bbox 911 1443 980 1504; x_wconf 89' lang='lat' dir='ltr'><strong>BA</strong></span> <span class='ocrx_word' id='word_1_79' title='bbox 1004 1437 1120 1503; x_wconf 88' lang='lat' dir='ltr'><strong>sectio·</strong></span> 
     </span>
     <span class='ocr_line' id='line_1_12' title="bbox 100 1540 1119 1629; baseline 0.008 -27"><span class='ocrx_word' id='word_1_80' title='bbox 100 1561 176 1603; x_wconf 88' lang='lat' dir='ltr'><strong>nem</strong></span> <span class='ocrx_word' id='word_1_81' title='bbox 194 1543 223 1602; x_wconf 92' lang='lat' dir='ltr'><em>B</em></span> <span class='ocrx_word' id='word_1_82' title='bbox 246 1540 281 1603; x_wconf 91' lang='lat' dir='ltr'><strong>in</strong></span> <span class='ocrx_word' id='word_1_83' title='bbox 303 1562 368 1606; x_wconf 92' lang='lat' dir='ltr'><strong>uno</strong></span> <span class='ocrx_word' id='word_1_84' title='bbox 391 1545 513 1624; x_wconf 85' lang='lat' dir='ltr'><strong>puncto</strong></span> <span class='ocrx_word' id='word_1_85' title='bbox 538 1544 607 1608; x_wconf 87' lang='lat' dir='ltr'><strong>solo</strong></span> <span class='ocrx_word' id='word_1_86' title='bbox 627 1564 749 1629; x_wconf 80' lang='lat' dir='ltr'><strong>secans,</strong></span> <span class='ocrx_word' id='word_1_87' title='bbox 772 1545 866 1609; x_wconf 85' lang='lat' dir='ltr'><strong>elteri</strong></span> <span class='ocrx_word' id='word_1_88' title='bbox 885 1547 994 1609; x_wconf 86' lang='lat' dir='ltr'><strong>eutem</strong></span> <span class='ocrx_word' id='word_1_89' title='bbox 1013 1566 1119 1628; x_wconf 81' lang='lat' dir='ltr'><strong>asym-</strong></span> 
     </span>
     <span class='ocr_line' id='line_1_13' title="bbox 102 1647 1117 1732; baseline 0.005 -24"><span class='ocrx_word' id='word_1_90' title='bbox 102 1648 268 1729; x_wconf 86' lang='lat' dir='ltr'><strong>ptotarum</strong></span> <span class='ocrx_word' id='word_1_91' title='bbox 291 1647 455 1732; x_wconf 78' lang='lat' dir='ltr'><strong>parallelo,</strong></span> <span class='ocrx_word' id='word_1_92' title='bbox 479 1650 511 1711; x_wconf 86' lang='lat' dir='ltr'><strong>et</strong></span> <span class='ocrx_word' id='word_1_93' title='bbox 533 1653 604 1711; x_wconf 88' lang='lat' dir='ltr'><strong>AA</strong></span> <span class='ocrx_word' id='word_1_94' title='bbox 628 1648 740 1714; x_wconf 88' lang='lat' dir='ltr'><strong>eodem</strong></span> <span class='ocrx_word' id='word_1_95' title='bbox 764 1652 859 1716; x_wconf 88' lang='lat' dir='ltr'><strong>modo</strong></span> <span class='ocrx_word' id='word_1_96' title='bbox 884 1651 1061 1716; x_wconf 74' lang='lat' dir='ltr'><strong>sectionem</strong></span> <span class='ocrx_word' id='word_1_97' title='bbox 1085 1654 1117 1713; x_wconf 88' lang='lat' dir='ltr'><em>A</em></span> 
     </span>
     <span class='ocr_line' id='line_1_14' title="bbox 101 1752 814 1836; baseline 0.007 -21"><span class='ocrx_word' id='word_1_98' title='bbox 101 1756 199 1836; x_wconf 85' lang='lat' dir='ltr'><strong>secet,</strong></span> <span class='ocrx_word' id='word_1_99' title='bbox 224 1752 329 1836; x_wconf 89' lang='lat' dir='ltr'><strong>sitque</strong></span> <span class='ocrx_word' id='word_1_100' title='bbox 353 1756 420 1816; x_wconf 89' lang='lat' dir='ltr'><strong>AB</strong></span> <span class='ocrx_word' id='word_1_101' title='bbox 435 1783 477 1805; x_wconf 97' lang='lat'>=</span> <span class='ocrx_word' id='word_1_102' title='bbox 491 1756 573 1836; x_wconf 86' lang='lat' dir='ltr'><strong>BH,</strong></span> <span class='ocrx_word' id='word_1_103' title='bbox 592 1760 663 1818; x_wconf 88' lang='lat' dir='ltr'><strong>AA</strong></span> <span class='ocrx_word' id='word_1_104' title='bbox 678 1787 719 1810; x_wconf 94' lang='lat'>=</span> <span class='ocrx_word' id='word_1_105' title='bbox 735 1761 814 1821; x_wconf 91' lang='lat' dir='ltr'><strong>AK.</strong></span> 
     </span>
    </p>
   </div>
   <div class='ocr_carea' id='block_1_5' title="bbox 99 1876 1118 2171">
    <p class='ocr_par' dir='ltr' id='par_1_5' title="bbox 99 1876 1118 2171">
     <span class='ocr_line' id='line_1_15' title="bbox 167 1876 1117 1962; baseline 0.004 -23"><span class='ocrx_word' id='word_1_106' title='bbox 167 1876 253 1960; x_wconf 86' lang='lat' dir='ltr'><strong>dieo,</strong></span> <span class='ocrx_word' id='word_1_107' title='bbox 281 1879 403 1941; x_wconf 87' lang='lat' dir='ltr'><strong>rectem</strong></span> <span class='ocrx_word' id='word_1_108' title='bbox 431 1898 488 1961; x_wconf 87' lang='lat' dir='ltr'><strong>per</strong></span> <span class='ocrx_word' id='word_1_109' title='bbox 514 1880 636 1960; x_wconf 81' lang='lat' dir='ltr'><strong>puncta</strong></span> <span class='ocrx_word' id='word_1_110' title='bbox 659 1881 705 1962; x_wconf 87' lang='lat' dir='ltr'><strong>K,</strong></span> <span class='ocrx_word' id='word_1_111' title='bbox 732 1881 767 1945; x_wconf 90' lang='lat' dir='ltr'><em>H</em></span> <span class='ocrx_word' id='word_1_112' title='bbox 791 1879 921 1944; x_wconf 85' lang='lat' dir='ltr'><strong>ductam</strong></span> <span class='ocrx_word' id='word_1_113' title='bbox 948 1901 1022 1944; x_wconf 88' lang='lat' dir='ltr'><strong>cnm</strong></span> <span class='ocrx_word' id='word_1_114' title='bbox 1050 1900 1117 1944; x_wconf 91' lang='lat' dir='ltr'><strong>sec-</strong></span> 
     </span>
     <span class='ocr_line' id='line_1_16' title="bbox 99 1981 1118 2066; baseline 0.002 -22"><span class='ocrx_word' id='word_1_115' title='bbox 99 1981 244 2046; x_wconf 75' lang='lat' dir='ltr'>tionibus</span> <span class='ocrx_word' id='word_1_116' title='bbox 268 2004 474 2062; x_wconf 88' lang='lat' dir='ltr'><strong>concurrere‚</strong></span> <span class='ocrx_word' id='word_1_117' title='bbox 498 1986 531 2047; x_wconf 92' lang='lat' dir='ltr'><strong>et</strong></span> <span class='ocrx_word' id='word_1_118' title='bbox 553 1985 659 2045; x_wconf 83' lang='lat' dir='ltr'><strong>rectas</strong></span> <span class='ocrx_word' id='word_1_119' title='bbox 684 2003 703 2045; x_wconf 84' lang='lat' dir='ltr'>a</span> <span class='ocrx_word' id='word_1_120' title='bbox 725 1985 855 2066; x_wconf 87' lang='lat' dir='ltr'><strong>punctis</strong></span> <span class='ocrx_word' id='word_1_121' title='bbox 879 2005 1053 2048; x_wconf 82' lang='lat' dir='ltr'>concursus</span> <span class='ocrx_word' id='word_1_122' title='bbox 1077 1982 1118 2046; x_wconf 85' lang='lat' dir='ltr'><strong>ed</strong></span> 
     </span>
     <span class='ocr_line' id='line_1_17' title="bbox 104 2086 677 2171; baseline 0.003 -22"><span class='ocrx_word' id='word_1_123' title='bbox 104 2095 137 2150; x_wconf 95' lang='lat' dir='ltr'><em>A</em></span> <span class='ocrx_word' id='word_1_124' title='bbox 161 2087 273 2153; x_wconf 83' lang='lat' dir='ltr'><strong>ductas</strong></span> <span class='ocrx_word' id='word_1_125' title='bbox 297 2089 456 2153; x_wconf 78' lang='lat' dir='ltr'><strong>sectiones</strong></span> <span class='ocrx_word' id='word_1_126' title='bbox 480 2086 677 2171; x_wconf 82' lang='lat' dir='ltr'><strong>contingere.</strong></span> 
     </span>
    </p>
   </div>
   <div class='ocr_carea' id='block_1_6' title="bbox 100 2209 1118 2932">
    <p class='ocr_par' dir='ltr' id='par_1_6' title="bbox 100 2209 1118 2932">
     <span class='ocr_line' id='line_1_18' title="bbox 168 2209 1117 2296; baseline -0.001 -21"><span class='ocrx_word' id='word_1_127' title='bbox 168 2211 327 2277; x_wconf 82' lang='lat' dir='ltr'><strong>ducantur</strong></span> <span class='ocrx_word' id='word_1_128' title='bbox 351 2211 577 2296; x_wconf 82' lang='lat' dir='ltr'><strong>contingentes</strong></span> <span class='ocrx_word' id='word_1_129' title='bbox 601 2213 682 2294; x_wconf 85' lang='lat' dir='ltr'><strong>AE,</strong></span> <span class='ocrx_word' id='word_1_130' title='bbox 701 2213 782 2295; x_wconf 87' lang='lat' dir='ltr'><strong>AZ,</strong></span> <span class='ocrx_word' id='word_1_131' title='bbox 811 2212 843 2272; x_wconf 90' lang='lat' dir='ltr'><strong>et</strong></span> <span class='ocrx_word' id='word_1_132' title='bbox 866 2209 962 2274; x_wconf 86' lang='lat' dir='ltr'><strong>duote</strong></span> <span class='ocrx_word' id='word_1_133' title='bbox 984 2214 1062 2295; x_wconf 85' lang='grc' dir='ltr'><strong>ΕΖ,</strong></span> <span class='ocrx_word' id='word_1_134' title='bbox 1090 2211 1117 2275; x_wconf 88' lang='lat' dir='ltr'><strong>si</strong></span> 
     </span>
     <span class='ocr_line' id='line_1_19' title="bbox 100 2315 1118 2402; baseline -0.001 -21"><span class='ocrx_word' id='word_1_135' title='bbox 100 2318 170 2381; x_wconf 86' lang='lat' dir='ltr'><strong>fieri</strong></span> <span class='ocrx_word' id='word_1_136' title='bbox 194 2321 315 2402; x_wconf 87' lang='lat' dir='ltr'><strong>potest,</strong></span> <span class='ocrx_word' id='word_1_137' title='bbox 346 2339 405 2401; x_wconf 88' lang='lat' dir='ltr'><strong>per</strong></span> <span class='ocrx_word' id='word_1_138' title='bbox 428 2321 470 2402; x_wconf 86' lang='lat' dir='ltr'><strong>K,</strong></span> <span class='ocrx_word' id='word_1_139' title='bbox 489 2320 528 2380; x_wconf 91' lang='lat' dir='ltr'><em>H</em></span> <span class='ocrx_word' id='word_1_140' title='bbox 551 2338 591 2380; x_wconf 89' lang='lat' dir='ltr'><strong>ne</strong></span> <span class='ocrx_word' id='word_1_141' title='bbox 620 2316 724 2382; x_wconf 80' lang='lat' dir='ltr'><strong>cadet.</strong></span> <span class='ocrx_word' id='word_1_142' title='bbox 774 2323 830 2380; x_wconf 83' lang='lat' dir='ltr'><strong>aut</strong></span> <span class='ocrx_word' id='word_1_143' title='bbox 857 2315 960 2400; x_wconf 86' lang='lat' dir='ltr'><strong>igitur</strong></span> <span class='ocrx_word' id='word_1_144' title='bbox 986 2338 1045 2402; x_wconf 88' lang='lat' dir='ltr'><strong>per</strong></span> <span class='ocrx_word' id='word_1_145' title='bbox 1073 2317 1118 2382; x_wconf 83' lang='lat' dir='ltr'><strong>al·</strong></span> 
     </span>
     <span class='ocr_line' id='line_1_20' title="bbox 100 2423 1116 2508; baseline 0 -20"><span class='ocrx_word' id='word_1_146' title='bbox 100 2427 208 2488; x_wconf 89' lang='lat' dir='ltr'><strong>terum</strong></span> <span class='ocrx_word' id='word_1_147' title='bbox 227 2445 339 2489; x_wconf 88' lang='lat' dir='ltr'><strong>eorum</strong></span> <span class='ocrx_word' id='word_1_148' title='bbox 358 2423 452 2489; x_wconf 84' lang='lat' dir='ltr'><strong>cadet</strong></span> <span class='ocrx_word' id='word_1_149' title='bbox 471 2426 527 2488; x_wconf 86' lang='lat' dir='ltr'><strong>cut</strong></span> <span class='ocrx_word' id='word_1_150' title='bbox 544 2445 603 2508; x_wconf 87' lang='lat' dir='ltr'><strong>per</strong></span> <span class='ocrx_word' id='word_1_151' title='bbox 621 2427 781 2507; x_wconf 88' lang='lat' dir='ltr'><strong>neutrum,</strong></span> <span class='ocrx_word' id='word_1_152' title='bbox 799 2425 832 2486; x_wconf 93' lang='lat' dir='ltr'><strong>et</strong></span> <span class='ocrx_word' id='word_1_153' title='bbox 850 2426 908 2486; x_wconf 86' lang='lat' dir='ltr'><strong>aut</strong></span> <span class='ocrx_word' id='word_1_154' title='bbox 919 2428 991 2485; x_wconf 90' lang='lat' dir='ltr'><strong>AA</strong></span> <span class='ocrx_word' id='word_1_155' title='bbox 1008 2425 1116 2488; x_wconf 83' lang='lat' dir='ltr'><strong>rectae</strong></span> 
     </span>
     <span class='ocr_line' id='line_1_21' title="bbox 100 2525 1117 2614; baseline -0.002 -21"><span class='ocrx_word' id='word_1_156' title='bbox 100 2533 172 2593; x_wconf 86' lang='grc' dir='ltr'><strong>ΛΚ</strong></span> <span class='ocrx_word' id='word_1_157' title='bbox 194 2530 338 2614; x_wconf 81' lang='lat' dir='ltr'><strong>aequalis</strong></span> <span class='ocrx_word' id='word_1_158' title='bbox 361 2551 427 2594; x_wconf 89' lang='lat' dir='ltr'><strong>non</strong></span> <span class='ocrx_word' id='word_1_159' title='bbox 450 2530 520 2613; x_wconf 87' lang='lat' dir='ltr'><strong>erit,</strong></span> <span class='ocrx_word' id='word_1_160' title='bbox 545 2529 601 2594; x_wconf 87' lang='lat' dir='ltr'><strong>sed</strong></span> <span class='ocrx_word' id='word_1_161' title='bbox 622 2529 679 2592; x_wconf 86' lang='lat' dir='ltr'><strong>olii</strong></span> <span class='ocrx_word' id='word_1_162' title='bbox 698 2527 825 2593; x_wconf 86' lang='lat' dir='ltr'><strong>cuidam</strong></span> <span class='ocrx_word' id='word_1_163' title='bbox 847 2525 1010 2612; x_wconf 86' lang='lat'><strong>[111,31];</strong></span> <span class='ocrx_word' id='word_1_164' title='bbox 1030 2528 1117 2613; x_wconf 86' lang='lat' dir='ltr'><strong>quod</strong></span> 
     </span>
     <span class='ocr_line' id='line_1_22' title="bbox 101 2635 1117 2721; baseline -0.002 -21"><span class='ocrx_word' id='word_1_165' title='bbox 101 2635 276 2700; x_wconf 79' lang='lat' dir='ltr'><strong>absurdum</strong></span> <span class='ocrx_word' id='word_1_166' title='bbox 305 2639 367 2721; x_wconf 81' lang='lat' dir='ltr'><strong>est3</strong></span> <span class='ocrx_word' id='word_1_167' title='bbox 400 2639 457 2700; x_wconf 78' lang='lat' dir='ltr'><strong>aut</strong></span> <span class='ocrx_word' id='word_1_168' title='bbox 484 2657 551 2701; x_wconf 91' lang='lat' dir='ltr'><strong>non</strong></span> <span class='ocrx_word' id='word_1_169' title='bbox 578 2635 640 2699; x_wconf 88' lang='lat' dir='ltr'><strong>erit</strong></span> <span class='ocrx_word' id='word_1_170' title='bbox 668 2638 734 2698; x_wconf 94' lang='lat' dir='ltr'><strong>AB</strong></span> <span class='ocrx_word' id='word_1_171' title='bbox 749 2665 792 2686; x_wconf 98' lang='lat'><strong><em>=</em></strong></span> <span class='ocrx_word' id='word_1_172' title='bbox 807 2637 890 2712; x_wconf 91' lang='lat' dir='ltr'><strong>BH,</strong></span> <span class='ocrx_word' id='word_1_173' title='bbox 919 2637 976 2698; x_wconf 86' lang='lat' dir='ltr'><strong>eut</strong></span> <span class='ocrx_word' id='word_1_174' title='bbox 1001 2637 1117 2698; x_wconf 85' lang='lat' dir='ltr'><strong>neutra</strong></span> 
     </span>
     <span class='ocr_line' id='line_1_23' title="bbox 100 2740 1116 2826; baseline -0.001 -21"><span class='ocrx_word' id='word_1_175' title='bbox 100 2742 220 2825; x_wconf 83' lang='lat' dir='ltr'><strong>neutri,</strong></span> <span class='ocrx_word' id='word_1_176' title='bbox 249 2745 282 2805; x_wconf 92' lang='lat' dir='ltr'><strong>et</strong></span> <span class='ocrx_word' id='word_1_177' title='bbox 308 2764 421 2806; x_wconf 88' lang='lat' dir='ltr'><strong>rursus</strong></span> <span class='ocrx_word' id='word_1_178' title='bbox 450 2743 484 2805; x_wconf 91' lang='lat' dir='ltr'><strong>in</strong></span> <span class='ocrx_word' id='word_1_179' title='bbox 512 2745 648 2826; x_wconf 82' lang='lat' dir='ltr'><strong>utraque</strong></span> <span class='ocrx_word' id='word_1_180' title='bbox 672 2741 758 2805; x_wconf 89' lang='lat' dir='ltr'><strong>idom</strong></span> <span class='ocrx_word' id='word_1_181' title='bbox 783 2740 956 2806; x_wconf 79' lang='lat' dir='ltr'><strong>absurdum</strong></span> <span class='ocrx_word' id='word_1_182' title='bbox 981 2740 1116 2804; x_wconf 88' lang='lat' dir='ltr'><strong>eueniet.</strong></span> 
     </span>
     <span class='ocr_line' id='line_1_24' title="bbox 101 2847 608 2932; baseline 0 -21"><span class='ocrx_word' id='word_1_183' title='bbox 101 2868 177 2932; x_wconf 84' lang='lat' dir='ltr'><strong>ergo</strong></span> <span class='ocrx_word' id='word_1_184' title='bbox 201 2850 265 2910; x_wconf 86' lang='grc' dir='ltr'><strong>ΕΖ</strong></span> <span class='ocrx_word' id='word_1_185' title='bbox 289 2869 347 2932; x_wconf 87' lang='lat' dir='ltr'><strong>per</strong></span> <span class='ocrx_word' id='word_1_186' title='bbox 371 2850 415 2928; x_wconf 89' lang='lat' dir='ltr'><strong>K,</strong></span> <span class='ocrx_word' id='word_1_187' title='bbox 434 2850 473 2910; x_wconf 90' lang='lat' dir='ltr'><em>H</em></span> <span class='ocrx_word' id='word_1_188' title='bbox 492 2847 608 2912; x_wconf 89' lang='lat' dir='ltr'><strong>ueniet.</strong></span> 
     </span>
    </p>
   </div>
   <div class='ocr_carea' id='block_1_7' title="bbox 549 3109 668 3176">
    <p class='ocr_par' dir='ltr' id='par_1_7' title="bbox 549 3109 668 3176">
     <span class='ocr_line' id='line_1_25' title="bbox 549 3109 668 3176; baseline 0.008 -3"><span class='ocrx_word' id='word_1_189' title='bbox 549 3109 668 3176; x_wconf 91' lang='lat' dir='ltr'><strong>XXIV.</strong></span> 
     </span>
    </p>
   </div>
   <div class='ocr_carea' id='block_1_8' title="bbox 98 3251 1116 3530">
    <p class='ocr_par' dir='ltr' id='par_1_8' title="bbox 98 3251 1116 3530">
     <span class='ocr_line' id='line_1_26' title="bbox 167 3251 1115 3318; baseline 0 0"><span class='ocrx_word' id='word_1_190' title='bbox 167 3251 252 3318; x_wconf 80' lang='lat' dir='ltr'><strong>Ocni</strong></span> <span class='ocrx_word' id='word_1_191' title='bbox 289 3252 389 3318; x_wconf 86' lang='lat' dir='ltr'><strong>sectio</strong></span> <span class='ocrx_word' id='word_1_192' title='bbox 423 3273 494 3316; x_wconf 91' lang='lat' dir='ltr'><strong>oum</strong></span> <span class='ocrx_word' id='word_1_193' title='bbox 528 3251 601 3315; x_wconf 91' lang='lat' dir='ltr'><strong>ooni</strong></span> <span class='ocrx_word' id='word_1_194' title='bbox 634 3252 777 3317; x_wconf 79' lang='lat' dir='ltr'><strong>sectione</strong></span> <span class='ocrx_word' id='word_1_195' title='bbox 808 3252 861 3316; x_wconf 89' lang='lat' dir='ltr'><strong>uel</strong></span> <span class='ocrx_word' id='word_1_196' title='bbox 894 3272 969 3316; x_wconf 83' lang='lat' dir='ltr'><strong>arou</strong></span> <span class='ocrx_word' id='word_1_197' title='bbox 1002 3251 1115 3318; x_wconf 84' lang='lat' dir='ltr'><strong>circuli</strong></span> 
     </span>
     <span class='ocr_line' id='line_1_27' title="bbox 98 3358 1116 3444; baseline -0.001 -20"><span class='ocrx_word' id='word_1_198' title='bbox 98 3360 147 3424; x_wconf 83' lang='lat' dir='ltr'><strong>ito</strong></span> <span class='ocrx_word' id='word_1_199' title='bbox 170 3381 236 3424; x_wconf 97' lang='lat' dir='ltr'><strong>non</strong></span> <span class='ocrx_word' id='word_1_200' title='bbox 259 3359 435 3444; x_wconf 86' lang='lat' dir='ltr'><strong>concurrit,</strong></span> <span class='ocrx_word' id='word_1_201' title='bbox 458 3360 495 3422; x_wconf 90' lang='lat' dir='ltr'><strong>ut</strong></span> <span class='ocrx_word' id='word_1_202' title='bbox 517 3378 594 3442; x_wconf 79' lang='lat' dir='ltr'><strong>pars</strong></span> <span class='ocrx_word' id='word_1_203' title='bbox 618 3358 730 3423; x_wconf 84' lang='lat' dir='ltr'><strong>eadem</strong></span> <span class='ocrx_word' id='word_1_204' title='bbox 755 3358 811 3442; x_wconf 87' lang='lat' dir='ltr'><strong>sit,</strong></span> <span class='ocrx_word' id='word_1_205' title='bbox 838 3379 915 3442; x_wconf 83' lang='lat' dir='ltr'><strong>pars</strong></span> <span class='ocrx_word' id='word_1_206' title='bbox 938 3379 1003 3423; x_wconf 90' lang='lat' dir='ltr'><strong>non</strong></span> <span class='ocrx_word' id='word_1_207' title='bbox 1027 3380 1116 3424; x_wconf 51' lang='lat' dir='ltr'><strong>com-¹</strong></span> 
     </span>
     <span class='ocr_line' id='line_1_28' title="bbox 99 3487 214 3530; baseline -0.017 0"><span class='ocrx_word' id='word_1_208' title='bbox 99 3487 214 3530; x_wconf 83' lang='lat' dir='ltr'><strong>munis.</strong></span> 
     </span>
    </p>
   </div>
   <div class='ocr_carea' id='block_1_9' title="bbox 0 0 1226 3892">
    <p class='ocr_par' dir='ltr' id='par_1_9' title="bbox 0 0 1226 3892">
     <span class='ocr_line' id='line_1_29' title="bbox 0 0 1226 3892; baseline 0 0"><span class='ocrx_word' id='word_1_209' title='bbox 0 0 1226 3892; x_wconf 95' lang='lat' dir='ltr'><strong> </strong></span> 
     </span>
    </p>
   </div>
  </div>
 </body>
</html>
