2444 3892
163 144 228 208 144
442 137 704 192 COMMENTARIA
721 136 890 201 ANTIQUA.

161 287 265 369 [Eucl.
280 285 339 370 ΙΙΙ,
355 286 399 366 7].
436 277 533 367 κοινὴ
554 279 591 347 δέ
610 277 631 365 η
651 282 722 362 ΓΔ,
745 282 805 345 καί
819 282 905 346 είσιν
925 281 962 346 αί
978 281 1063 367 πρὸς
1081 283 1128 371 τῷ
1146 288 1180 348 Δ

161 395 281 476 γωνίαι
302 389 419 477 ὀρθαί·
443 392 563 474 μείζων
587 383 653 473 ῶρα
672 384 762 453 ἐστὶν
785 384 806 470 ἡ
824 390 891 452 ΒΓ
909 388 967 470 τῆς
984 391 1056 453 ΓΖ.
1092 385 1178 453 κατὰ

160 495 200 565 τὰ
230 493 315 562 αὐτὰ
344 495 399 562 καὶ
422 490 443 580 ἡ
467 498 528 560 ΓΖ
555 496 613 579 τῆς
635 497 667 558 Γ
664 499 697 557 Α
722 495 842 576 μείζων
870 492 972 558 ἐστίν·
1010 488 1095 559 ῶστε
1124 519 1179 579 με-

161 608 256 689 γίστη
280 603 342 689 μέν
366 603 455 669 ἐστιν
479 596 500 685 ἡ
523 604 596 684 ΓΒ,
621 599 773 684 ἐλαχίστη
798 595 836 663 δὲ
858 594 879 682 ἡ
903 602 971 664 ΓΑ.

126 728 141 776 5
228 707 272 795 β’.
302 706 399 775 Ἀλλὰ
424 704 466 794 δὴ
489 703 591 772 πάλιν
612 700 633 790 ἡ
653 700 717 771 ιἰπὸ
736 706 797 771 τοῦ
816 708 849 770 Γ
865 703 1008 782 κάθετος
1027 700 1179 792 ἀγομένη

160 818 302 885 πιπτέτω
327 815 379 883 ἐπί
400 816 456 900 τῆς
474 814 685 898 περιφερείας
703 813 764 877 τοῦ
783 816 849 876 ΑΒ
872 807 998 877 κύκλου
1016 809 1072 877 καὶ
1093 815 1179 880 ἔστω

160 920 180 1010 ἡ
208 929 288 1008 ΓΑ,
319 921 375 989 καὶ
402 918 505 986 πάλιν
534 917 585 986 ἐπὶ
613 920 650 984 τὸ
678 916 751 983 κεύ-
809 929 843 980 Γ

160 1056 241 1112 τρον
255 1033 315 1096 τοῦ
330 1031 454 1094 κύκλου
468 1028 505 1092 τὸ
517 1033 550 1090 Λ
565 1021 750 1110 ἐπεζεύχθω

160 1132 181 1220 ἡ
197 1143 228 1202 Α
234 1141 267 1201 Δ
284 1133 339 1200 καὶ
359 1129 572 1218 ἐκβεβλήσθω
592 1130 645 1197 ἐπὶ
659 1133 696 1197 τὸ
711 1136 750 1214 Β,

109 1260 142 1308 10
161 1240 216 1307 καὶ
237 1239 421 1327 ἐπεζεύχθω
440 1235 545 1323 ἡΒΓ.
582 1239 679 1322 λέγω,
700 1233 750 1303 ὅτι

161 1351 296 1434 μεγίστη
325 1346 387 1432 μέν
415 1346 505 1412 ἐστιν
534 1339 554 1428 ἡ
581 1347 651 1427 ΒΓ,
680 1344 749 1409 ἐλα-

160 1458 255 1540 χίστη
280 1451 316 1518 δὲ
339 1448 359 1537 η
383 1455 456 1517 ΑΓ.

227 1555 278 1625 ὅτι
292 1555 353 1641 μὲν
369 1548 432 1623 οὖν
447 1550 601 1639 μείζωνη
618 1559 650 1620 Γ
649 1559 678 1619 Β
693 1556 752 1639 της
787 1595 817 1652 Α

160 1668 236 1746 ΓΑ,
260 1658 411 1746 φανερόν
435 1661 665 1744 [Eu01.1,19].
703 1663 749 1726 δι-

109 1788 142 1836 1σ
161 1767 255 1855 ήχθω
271 1768 371 1846 δέοις
383 1767 438 1834 καὶ
454 1762 670 1853 ἑτέραὴΓΕ,
693 1766 749 1832 καὶ

161 1873 347 1961 ἐπεζεύχθω
366 1869 386 1960 η
407 1882 438 1941 Α
445 1880 482 1941 Β.
524 1873 593 1942 ἐπεὶ
613 1870 787 1958 διάμετρός
806 1874 897 1941 ἐστιν
916 1869 936 1958 ἡ
957 1879 1031 1957 ΑΒ,
1055 1877 1176 1958 μείζων

161 1981 251 2048 ἐστὶν
274 1985 333 2068 τῆς
351 1988 419 2049 ΑΒ
442 1982 546 2064 [Εοολ.
565 1983 625 2068 ΙΙΙ,
645 1982 710 2064 15].
751 1980 806 2046 καί
830 1978 946 2059 αύταίς
968 1982 1050 2065 πρὸς
1070 1976 1178 2066 ὀρθῶς

160 2085 181 2174 ἡ
197 2097 228 2156 Α
239 2093 271 2155 Γ
290 2090 394 2171 [Eucl.
403 2090 450 2154 XI
460 2091 520 2155 def.
532 2093 581 2172 3]·
600 2093 719 2175 μείζων
733 2087 799 2175 ἄρα
814 2086 904 2154 ἐστὶν
918 2083 938 2172 ἡ
953 2092 1014 2153 ΓΒ
1032 2087 1090 2171 τῆς
1104 2091 1177 2154 ΓΕ.

162 2191 287 2280 ὁμοίως
309 2194 364 2261 καὶ
383 2199 508 2261 πασῶν.
544 2194 600 2261 καὶ
623 2192 767 2262 κατὰτὰ
791 2190 875 2260 αὐτὰ
898 2197 1017 2278 μείζων
1041 2192 1177 2280 δειχθή-

107 2320 141 2368 κο
161 2321 251 2369 σεται
271 2298 291 2386 ἡ
313 2306 378 2369 ΒΓ
391 2304 450 2385 της
463 2305 531 2367 ΓΑ.
560 2297 643 2366 ῶστε
662 2304 798 2386 μεγίστη
817 2301 879 2387 μὲν
893 2297 914 2386 ἡ
929 2305 1000 2385 ΒΓ,
1021 2299 1176 2385 ἐλαχίστη

161 2406 198 2474 δὲ
217 2404 312 2492 ηΓΑ
334 2417 403 2474 τῶν
422 2405 486 2473 ἀπὸ
505 2408 567 2472 τοῦ
580 2410 613 2472 Γ
632 2409 771 2490 σημείου
790 2410 872 2493 πρὸς
889 2409 949 2474 τὸν
963 2411 1028 2472 ΑΒ
1047 2403 1176 2474 κύκλον

159 2517 440 2600 προσπιπτουσῶν
463 2510 617 2578 εὐθειῶν.

226 2619 269 2704 γ’.
312 2622 387 2685 Τῶν
415 2614 527 2685 αὐτῶν
554 2613 785 2702 ὑποκειμένων
813 2619 955 2685 πιπτέτω
984 2615 1004 2704 ἡ
1031 2617 1176 2700 κάθετος

161 2725 252 2801 ἐκτὸς
274 2734 336 2790 τοῦ
358 2725 485 2791 κύκλου
507 2724 560 2790 καὶ
583 2728 664 2790 ἔστω
684 2719 705 2808 ἡ
724 2728 797 2809 ΓΔ,
820 2725 876 2791 καὶ
900 2724 952 2791 ἐπὶ
974 2727 1011 2791 τὸ
1034 2725 1176 2811 κέντρον

107 2844 140 2892 25
160 2831 221 2896 τοῦ
240 2827 366 2895 κύκλου
384 2833 420 2896 τὸ
440 2836 472 2895 Β
493 2830 721 2916 ἐπιζευχθεῖσα
740 2827 761 2916 ἡ
781 2839 850 2898 ΔΕ
872 2831 1095 2917 ἐκβεβλήσθω,
1118 2834 1176 2902 καὶ

162 2933 415 3020 ἐπεζεύχθωσαν
439 2937 477 3000 αί
493 2940 569 3020 ΑΓ,
588 2942 658 3005 ΒΓ.
694 2937 779 3022 λέγω
804 2935 857 3024 δή,
882 2935 933 3005 ὅτι
957 2943 1092 3024 μεγίστη
1112 2941 1176 3023 μέν

161 3043 251 3109 ἐστιν
271 3038 378 3126 ἡΒΓ,
402 3043 555 3127 ἐλαχίστη
576 3042 614 3109 δὲ
632 3039 653 3128 ἡ
669 3048 738 3110 ΑΓ
755 3048 872 3111 πασῶν
894 3047 963 3112 τῶν
982 3040 1046 3111 ιἰπὸ
1065 3055 1128 3113 τοῦ
1148 3052 1181 3113 Γ

161 3151 243 3234 πρὸς
264 3151 324 3215 τὸν
348 3153 411 3214 ΑΒ
435 3147 559 3215 κύκλον
582 3155 862 3236 προσπιπτουσῶν
885 3147 1040 3218 εὐθειῶν.

228 3252 279 3322 ὅτι
303 3253 364 3341 μὶν
388 3247 450 3323 οὖν
474 3260 593 3341 μείζων
612 3255 703 3323 ἐστίν
723 3253 743 3342 ἡ
763 3262 828 3324 ΒΓ
850 3266 909 3342 τῆς
927 3261 998 3341 ΓΑ,
1022 3257 1175 3343 φανερόν

109 3374 143 3423 30
163 3364 268 3442 [Eucl.
287 3364 311 3448 I,
333 3366 397 3445 19].
435 3363 519 3448 λέγω
539 3362 592 3447 δή,
618 3359 668 3430 ὅτι
686 3362 741 3429 καὶ
760 3366 877 3430 πασῶν
895 3366 963 3430 τῶν
983 3359 1047 3429 ἀπὸ
1066 3366 1128 3429 τοῦ
1147 3371 1180 3432 Γ

160 3461 396 3558 *Usa
414 3485 542 3544 Hultsch.
