2444 3892
126 124 193 189 234
408 121 671 176 οο11111111111111
689 119 860 185 imppp

126 291 234 353 φομεν
271 260 463 352 ὑπερβολήν
499 262 556 330 καὶ
592 266 741 344 ἔλλειψιν
772 259 918 342 κανόνος
948 258 1138 348 παραθέσει.

127 372 289 438 ἐκκείσθω
317 369 383 458 γάρ
407 366 526 437 εὐθεῖα
548 365 569 455 ή
594 376 661 435 ΑΒ
683 367 739 435 καὶ
762 365 1068 456 προσεκβεβλήσθω
1093 361 1136 434 ἐπ’

126 475 267 565 άπειρον
291 477 343 545 ἐπὶ
366 476 404 545 τὸ
428 481 474 562 Η,
497 475 553 544 καὶ
576 474 642 543 άπὸ
665 478 728 544 τοῦ
747 483 779 542 A
801 472 904 564 ταάτη
928 475 1014 561 πρὸς
1037 470 1141 561 ὀρθάς

126 581 222 670 ήχθω
251 580 271 671 ή
296 589 371 670 ΑΓ,
399 582 455 651 καὶ
484 581 670 670 ἐπεζεύχθω
698 579 719 668 ἡ
747 586 816 650 ΒΓ
832 580 889 649 καὶ
916 582 1139 669 ἐκβεβλήσθω,

91 690 183 759 ὁκαὶ
206 689 360 777 εἰλήφθω
383 687 460 758 τινὰ
483 703 604 776 σημεῖα
628 688 681 757 ἐπὶ
703 700 762 775 τῆς
785 695 858 756 ΑΗ
879 685 920 755 τά
943 694 988 775 Ε,
1013 695 1065 774 Η,
1092 687 1141 756 καλ

126 793 191 865 άπὸ
220 809 289 865 τῶν
312 804 358 884 Ε,
381 802 421 864 H
442 800 483 885 τή
507 802 576 863 ΑΓ
594 795 802 884 παράλληλοι
824 792 988 882 ἤχθωσαν
1012 797 1051 862 αἱ
1073 801 1139 878 ΕΘ,

126 911 214 990 ΗΚ,
246 905 303 972 καὶ
334 904 483 989 γινέσθω
510 907 556 996 τῷ
585 903 647 991 μὲν
675 900 740 971 ὑπὸ
769 907 881 969 ΑΗΚ
906 909 982 970 λσον
1011 901 1052 970 τὸ
1081 898 1138 969 άπὸ

127 1017 205 1097 ΖΗ,
228 1014 273 1103 τῷ
298 1008 329 1079 δ’
355 1009 421 1079 ὑπὸ
442 1017 542 1078 ΑΕΘ
566 1019 642 1078 λσον
665 1009 703 1078 τὸ
725 1006 789 1076 άπὸ
810 1015 891 1075 ΔΕ·
915 1009 972 1075 διὰ
992 1006 1059 1097 γὰρ
1078 1017 1139 1077 τῶν

126 1126 169 1203 A,
194 1126 242 1204 A,
268 1125 295 1184 Ζ
321 1118 392 1204 ήξει
415 1114 436 1204 ή
461 1114 640 1206 ὑπερβολή.
693 1113 817 1203 ὁμοίως
840 1115 878 1183 δέ
900 1114 1139 1183 κατασκευάσο·

76 1244 108 1293 10
127 1251 188 1311 μεν
211 1225 267 1292 καὶ
290 1223 330 1291 τά
355 1224 407 1292 ἐπὶ
431 1234 490 1310 τῆς
513 1225 696 1305 ἐλλείψεως.

524 1421 593 1497 Εἰς
615 1417 658 1487 τὸ
680 1417 744 1503 κγ’.

194 1550 260 1610 Δεῖ
281 1544 464 1628 ἐπιστήσαι,
489 1539 540 1609 ὅτι
564 1543 601 1608 έν
624 1544 663 1629 τή
683 1539 843 1629 προτάσει
862 1539 924 1609 δύο
945 1544 1139 1630 διαμέτρους

126 1651 215 1735 λέγει
243 1646 304 1735 οὐχ
331 1645 441 1727 ἁπλῶς
464 1646 523 1726 τὰς
546 1646 723 1732 τυχούσας,
747 1644 831 1714 άλλά
855 1646 913 1727 τάς
935 1648 1140 1734 καλουμένας

126 1758 291 1841 συζυγεῑς,
325 1745 374 1821 ὧν
407 1754 544 1842 ἑκατέρα
576 1755 665 1841 παρὰ
698 1754 905 1841 τεταγμένως
931 1755 1138 1841 κατηγμένην

75 1879 107 1930 15
126 1850 222 1947 ήκται
250 1860 305 1927 καὶ
334 1860 437 1947 μέσον
461 1859 565 1946 λόγον
589 1865 654 1947 ἔχει
675 1862 744 1928 τῶν
767 1864 828 1928 τοῦ
840 1864 964 1940 ἐἴδους
986 1864 1138 1950 πλευράν

126 1970 184 2054 τής
213 1967 324 2055 ἑτέρας
353 1969 548 2057 διαμέτρου,
580 1968 637 2035 καὶ
664 1965 721 2035 διά
749 1970 848 2036 τοῦτο
878 1971 955 2054 δίχα
982 1970 1138 2054 τέμνουσι

127 2074 187 2156 τάς
206 2072 361 2162 άλλήλων
380 2077 623 2163 παραλλήλους,
642 2074 688 2153 ὡς
706 2075 870 2141 δέδεικται
885 2074 922 2140 έν
934 2078 980 2164 τῷ
1002 2075 1045 2142 ιε’
1060 2084 1140 2143 θεω-

126 2182 255 2267 ρήματι.
312 2186 342 2250 εἰ
369 2182 432 2270 γάρ
461 2182 505 2270 μή
539 2180 645 2261 οὕτως
676 2183 809 2268 ληφθή,
843 2179 1050 2267 συμβήσεται
1083 2180 1140 2268 τήν

126 2287 247 2374 μεταξὺ
275 2287 414 2357 εὐθεῖαν
441 2292 510 2357 των
539 2285 602 2355 δύο
632 2289 819 2374 διαμέτρων
845 2295 886 2375 τῇ
911 2285 1006 2376 ἑτέρᾳ
1030 2284 1139 2356 αὐτῶν

73 2413 107 2462 20
126 2394 341 2482 παράλληλον
365 2392 463 2463 εἶναι·
488 2385 568 2481 ὅπερ
593 2394 654 2481 οὐχ
678 2392 858 2461 ὑπόκειται.

141 2586 143 2590 ι
193 2503 305 2587 ἐπειδή
341 2501 378 2569 δέ
409 2503 447 2568 τὸ
475 2507 515 2567 Η
538 2499 652 2585 έγγιόυ
681 2501 750 2567 έστι
777 2503 835 2585 τής
863 2503 1057 2587 διχοτομίας
1085 2512 1140 2588 τῆς

126 2617 192 2676 ΑΒ
215 2607 297 2696 ήπερ
320 2607 357 2676 τὸ
378 2615 416 2693 Θ,
440 2613 499 2674 καί
519 2609 588 2675 έστι
610 2604 648 2674 τὸ
672 2605 734 2692 μὲν
758 2602 824 2674 ὑπο
850 2613 950 2674 BHA
974 2609 1056 2694 μετὰ
1081 2611 1139 2676 τοῦ

126 2714 191 2783 άπὸ
216 2720 300 2783 HM
324 2723 398 2783 ἴσον
426 2718 471 2806 τῷ
500 2710 564 2781 άπὸ
588 2719 681 2798 ΑΜ,
708 2711 746 2780 τὸ
776 2713 814 2781 δέ
841 2710 907 2782 ὑπὸ
936 2721 1037 2782 ΑΘΒ
1060 2713 1140 2802 μετά

202 2907 418 2978 1.έ.λλιψινλλ
510 2914 535 2962 5.
560 2908 604 2980 H]
629 2925 779 2991 ecorrp.
872 2917 896 2965 6.
922 2908 965 2980 Η]
990 2925 1141 2980 σοντες)

162 2982 194 3049 τῇ
215 2981 283 3050 ΑΓ]
303 2997 401 3048 11131)
466 2980 544 3065 ΕΘ]
555 2996 625 3035 corr.
640 2997 674 3034 ex
688 2980 773 3034 ΕΗ
765 2998 794 3034 111
810 2979 891 3036 scrib
907 2980 951 3036 W.
1022 2986 1047 3035 7.
1067 2981 1141 3052 HK]

126 3053 232 3120 NKp.
310 3053 360 3123 τῷ]
382 3050 494 3121 scripsi,
514 3049 545 3104 τό
565 3050 635 3120 Wp.
698 3049 753 3134 τό]
772 3052 817 3120 W,
836 3053 919 3122 τῷμ.
994 3046 1067 3123 άττό]
1088 3069 1141 3108 om.

127 3123 195 3190 Wp,
215 3138 284 3176 corr.
305 3106 409 3176 C6mm.
492 3127 517 3177 8.
536 3123 588 3194 τῷ]
608 3121 715 3192 scripsi,
734 3121 766 3177 τό
785 3095 854 3192 Wp.
926 3120 970 3193 τό]
991 3121 1036 3190 W,
1056 3125 1139 3212 τῷμ.

163 3199 203 3247 16.
223 3191 372 3260 τέμνουσιν
391 3192 437 3247 W.
512 3198 553 3250 17.
573 3193 625 3265 ιε]
646 3211 699 3250 om.
719 3193 787 3261 Wp,
807 3210 876 3249 corr.
895 3193 997 3262 Halley
1017 3165 1139 3266 (δεκάτῳ

125 3259 259 3334 πέμπτῳ).
348 3269 388 3319 18.
410 3259 487 3320 οὕτω
505 3265 536 3319 in
554 3268 622 3321 extr.
642 3264 717 3320 linea
735 3265 780 3333 W,
800 3284 826 3334 p.
909 3270 951 3319 21.
971 3263 1016 3336 δέ]
1039 3282 1094 3321 om.
1113 3285 1139 3336 p.

162 3317 268 3403 ἔγγιον]
290 3353 300 3386 ι
319 3349 389 3388 corr.
409 3351 442 3389 ex
462 3355 487 3390 ει
505 3355 542 3391 m.
563 3337 642 3392 2W.
721 3307 797 3391 ἔστιν
815 3335 859 3392 W
937 3338 1062 3409 111111]
1084 3343 1139 3392 Βθ

125 3421 197 3458 corr.
211 3421 239 3472 p,
258 3408 321 3458 AM
330 3405 375 3460 W
445 3403 580 3462 s'oan.
650 3408 744 3479 BHA]
763 3410 850 3462 ΒΑΗ
861 3407 929 3477 Wp
950 3425 1018 3464 corr.
1035 3407 1140 3463 Comm.

162 3480 203 3533 οε
225 3476 305 3547 HM]
327 3479 427 3547 περ
500 3479 577 3548 AM]
597 3484 693 3548 ABp
