2452 3900
535 117 702 172 Κωαττοει
720 103 760 173 ε’.

628 279 662 344 ι’.

208 405 321 468 Ταῦτα
349 399 410 487 μὲν
434 404 574 486 κοινώς,
607 400 659 468 ἐπὶ
684 399 721 468 δὲ
742 405 802 487 τῆς
825 398 1014 486 ὑπερβολῆς
1036 401 1156 487 μόνης·

137 505 197 576 έάν
229 505 269 574 τά
298 507 360 593 μὲν
387 505 472 576 ἀλλα
500 504 540 573 τὰ
569 505 655 573 αὐτὰ
682 502 829 595 ὑπάρχη,
862 509 900 574 αί
926 505 963 574 δὲ
990 509 1050 592 τῆς
1077 509 1155 593 μιᾶς

137 611 272 691 εὐθείας
296 611 503 699 συμπτώσεις
520 613 697 702 περιέχωσι
716 611 775 692 τάς
793 617 851 700 της
870 613 983 699 έτέρας
1001 613 1155 700 συμπτώ-

102 728 222 805 σσεις,
249 717 366 788 καὶτὸ
390 728 424 787 A
452 733 591 806 σημεῖον
620 717 714 798 ἐντὸς
740 710 762 806 ᾖ
790 722 848 805 τῆς
870 716 935 787 ὑπὸ
959 721 1029 787 τών
1052 715 1155 807 ἀσυμ-

137 824 277 894 πτώτων
290 828 526 914 περιεχομένης
544 829 680 912 γωνίας,
698 821 738 891 τὰ
758 821 844 891 αὐτὰ
863 823 1067 911 συμβήσεται
1085 839 1157 905 τοῖς

41 958 44 964 ’
138 934 402 1021 προειρημένοις,
426 929 472 1016 ώς
494 937 688 1019 προείρηται
712 932 749 998 ἐν
771 933 817 1022 τῷ
840 936 861 1016 β
884 928 1088 1017 θεωρήματι.

619 1133 676 1176 ια.

210 1236 285 1300 Τών
314 1228 426 1299 αὐτῶν
454 1231 565 1297 ὅντων
593 1227 652 1297 έάν
686 1232 723 1296 αί
752 1234 810 1316 της
842 1234 920 1317 μιάς
948 1227 1158 1316 συμπτώσεις

89 1355 123 1403 10
143 1338 187 1426 μὴ
210 1340 385 1425 περιέχωσι
411 1334 470 1414 τὰς
496 1345 555 1421 τῆς
583 1335 695 1423 ἑτέρας
718 1334 938 1422 συμπτώσεις,
971 1333 1009 1404 τὸ
1037 1334 1099 1422 μὲν
1123 1344 1157 1403 A

143 1458 282 1531 σημεῖον
311 1441 403 1520 ἐντὸς
431 1446 521 1509 ἔσται
549 1446 608 1527 τῆς
635 1437 700 1508 ὑπὸ
723 1452 791 1532 τών
814 1439 1041 1528 ἀσυμπτώτων
1064 1465 1156 1528 περι-

140 1551 299 1636 εχομένης
324 1552 464 1635 γωνίας,
496 1548 552 1614 καὶ
580 1544 601 1633 ἡ
632 1548 827 1634 καταγραφὴ
855 1548 911 1615 καί
938 1544 958 1634 ἡ
988 1544 1157 1629 ἀπόδειξις

141 1653 161 1740 ἡ
186 1651 270 1739 αὐτὴ
293 1657 338 1742 τῷ
362 1641 396 1722 θ.
634 1739 668 1826 β’

621 1769 629 1806 ί
671 1793 678 1808 ·

89 1881 123 1929 1ο
170 1889 172 1893 ’
213 1869 289 1934 Τών
322 1862 434 1933 αὐτῶν
467 1862 578 1952 ὄντων
607 1867 667 1932 ἐὰν
694 1866 892 1951 περιέχωσιν
921 1867 958 1932 αί
987 1869 1046 1952 τῆς
1079 1876 1157 1952 μιᾶς

141 1969 277 2052 εὐθείας
305 1969 512 2058 συμπτώσεις
539 1972 598 2052 τὰς
625 1975 684 2059 τῆς
705 1972 838 2100 ἑτέρας,
870 1970 984 2039 καὶ
953 1998 990 2039 το
1021 1972 1157 2059 ληφθέν

141 2093 281 2165 σημεῖον
302 2080 339 2146 έν
358 2089 397 2167 τῇ
418 2080 536 2164 ἐφεξῆς
554 2105 662 2167 γωνιᾳ
679 2082 737 2164 τῆς
756 2073 822 2145 ὑπὸ
841 2081 909 2145 τών
929 2074 1158 2164 ἀσυμπτώτων

139 2176 413 2272 περιεχομένης
391 2210 424 2270 η,
448 2180 468 2269 ἡ
489 2181 545 2251 διὰ
563 2188 632 2252 τών
653 2180 888 2268 θιαιρέσεων’
869 2184 1016 2269 αγομένη
1036 2181 1158 2252 εὐθεῖα

142 2289 415 2375 ἐκβαλλομένη
389 2299 429 2376 τῇ
454 2287 664 2376 ἀντικειμένη
688 2294 772 2378 τομῇ
796 2280 1021 2377 συμπεσεῖται,
1043 2289 1100 2356 καὶ
1122 2292 1160 2356 αί

88 2408 123 2458 20
142 2391 205 2460 ἀπὸ
238 2398 307 2462 τών
341 2394 566 2481 συμπτώσεων
599 2395 653 2462 ἐπὶ
685 2393 722 2462 τὸ
756 2404 789 2461 A
821 2409 960 2482 σημεῖον
993 2392 1158 2482 ἀγόμεναι

142 2496 272 2567 εὐθεῖαι
296 2501 482 2586 έφάψονται
505 2504 574 2567 τών
597 2498 846 2587 ἀντικειμένων.

209 2609 291 2702 έστω
310 2603 478 2693 ὑπερβολὴ
499 2605 519 2692 ἡ
539 2611 622 2691 ΕΗ,
644 2605 855 2692 ἀσύμπτωτοι
874 2605 912 2674 δὲ
930 2608 969 2673 αί
982 2612 1020 2674 Ν
1023 2606 1062 2692 Ξ,
1077 2613 1157 2693 ΟΠ,

141 2710 196 2778 καὶ
219 2713 361 2800 κέντρον
384 2718 421 2781 τὸ
445 2719 481 2799 Ρ,
504 2713 560 2780 καὶ
582 2715 620 2778 τὸ
640 2719 674 2778 A
697 2727 836 2798 σημεῖον
860 2717 950 2780 ἔστω,
967 2713 1004 2780 έν
1027 2716 1068 2801 τῇ
1090 2710 1158 2781 ὑπὸ

142 2816 245 2892 ΞΡΠ
262 2824 380 2908 γωνίᾳ,
403 2818 458 2885 καὶ
482 2816 644 2904 ἤχθωσαν
664 2821 701 2885 αί
718 2825 795 2900 ΔΕ,
809 2826 843 2885 A
850 2826 877 2885 Z
896 2819 1076 2904 τέμνουσαι
1094 2816 1159 2906 τὴν

89 2939 123 2987 25
142 2919 334 3010 ὑπερβολὴν
358 2925 494 3012 ἑκατέρα
516 2921 599 2991 κατὰ
624 2922 687 2991 δύο
711 2939 845 3011 σημεῖα,
873 2924 929 2991 καὶ
952 2925 1157 3012 περιεχέσθω

141 3025 182 3094 τά
200 3036 284 3115 M>
307 3027 371 3097 ὑπὸ
391 3033 459 3097 τών
479 3037 518 3116 Ζ,
532 3037 578 3116 Η,
602 3031 657 3097 καὶ
677 3035 770 3117 ἔστω,
796 3028 840 3110 ώς
858 3031 920 3117 μὲν
943 3028 963 3117 ἡ
983 3039 1052 3097 EA
1074 3055 1161 3118 προς

144 3141 221 3218 ΔΘ,
244 3132 265 3219 ἡ
285 3142 352 3202 ΕΚ
374 3132 458 3223 πρὸς
480 3142 558 3223 ΚΘ,
583 3134 627 3215 ώς
651 3135 688 3204 δὲ
710 3132 731 3222 ἡ
752 3143 819 3202 ZA
841 3137 925 3225 πρὸς
946 3143 1028 3222 AH,
1051 3134 1072 3222 ἡ
1093 3143 1159 3204 ΖΛ

216 3296 259 3346 10.
283 3289 314 3347 τὸ
334 3314 352 3364 μ
355 3292 398 3366 έν]
423 3289 453 3349 τὸ
474 3292 507 3348 δέ
531 3295 634 3363 Halley
652 3297 805 3364 praeeunte
824 3295 1036 3350 Commandino.
1115 3300 1158 3348 11.

144 3358 393 3436 b'ffthHalley
468 3373 509 3421 18.
529 3367 751 3438 διαιρέσεων]μ,
771 3365 956 3438 αίρέσεωνί.
1030 3371 1073 3421 24.
1092 3363 1160 3435 τέμ-

144 3452 256 3525 νουσαι]
279 3469 326 3525 cp,
345 3453 440 3510 bisV.
514 3460 557 3510 25.
576 3454 643 3526 δύο]
664 3455 733 3527 βν.
