2444 3892
161 150 202 213 16
557 141 781 200 mmmwff.

161 292 252 368 ε’κτὸς
275 286 611 374 ἀπολαμβανομένας,
638 285 745 368 οὕτως
766 290 804 354 αἱ
825 288 919 369 ἐντὸς
942 284 1175 380 ἀπολαμβανό

161 421 259 482 μεναι
279 398 510 480 διαιρεθῶσιν,
535 392 619 462 ὥστε
638 392 696 474 τὰς
715 392 902 481 ὁμολόγους
919 400 1008 482 πρὸς
1026 401 1075 491 τῷ
1094 396 1174 495 αὐτῷ

161 505 285 592 σημείῳ
310 497 413 587 εἶναι,
443 497 463 587 ῆ
489 500 545 568 διὰ
567 504 636 568 των
661 502 859 588 διαιρέσεων
885 497 1042 591 ἀγομένη
1067 502 1176 575 εὐθεῖα

117 696 120 703 .
161 620 375 694 συμπεσεῖται
393 610 432 695 τῆ
447 609 531 694 τομῆ
550 603 632 673 κατά
654 605 717 674 δόο
732 619 863 694 σημεῖα,
885 607 943 675 καὶ
965 612 1008 676 αέ
1031 608 1100 681 ἀπὸ
1117 624 1175 683 τόν

125 737 140 784 5
161 713 386 802 συμπτώσεων
406 714 458 782 ἐπὶ
477 717 513 781 τὸ
533 714 624 793 ἐκτὸς
644 725 784 800 σημεῖον
803 710 967 801 ἀγόμεναι
988 718 1175 804 ἐφάψονται

159 825 400 910 ἀςωυωε

226 933 309 997 ἐστω
333 927 398 1015 γὰρ
426 930 494 995 τῶν
517 928 772 1016 προειρημένων
796 931 960 1017 γραμμῶν
982 957 1038 1012 τις
1061 930 1086 1020 ῆ
1109 942 1176 1020 ΑΒ,

159 1037 212 1104 καὶ
237 1034 303 1103 ἀπό
326 1060 419 1113 τινος
442 1038 582 1120 σημείου
604 1037 665 1101 τοῦ
686 1041 720 1100 A
744 1033 941 1122 διήχθωσαν
964 1039 1006 1103 αἱ
1020 1046 1105 1127 AE,
1119 1048 1175 1109 ΔΖ

159 1146 340 1230 τέμνουσαι
368 1138 429 1225 τῆν
457 1139 615 1226 γραμμὴν
642 1139 662 1226 ῆ
692 1139 754 1227 μὲν
781 1138 864 1208 κατὰ
885 1139 926 1209 τά
950 1148 996 1230 Θ,
1017 1152 1064 1232 Ε,
1098 1145 1120 1235 ἡ
1147 1148 1176 1217 δέ

108 1269 141 1317 10
159 1247 242 1317 κατδι
260 1246 300 1314 τὰ
321 1255 359 1332 Ζ,
373 1251 419 1328 Η,
443 1245 498 1311 καὶ
518 1242 559 1312 δν
579 1245 641 1331 μὲν
660 1251 726 1333 ἐχει
745 1246 849 1333 λόγον
868 1244 889 1334 ῆ
910 1257 944 1316 A
950 1256 981 1318 E
1003 1256 1094 1340 πρὸς
1111 1261 1175 1339 ΘΔ,

159 1359 280 1423 τοῦτον
299 1354 398 1439 ἐχέτω
417 1349 438 1438 ῆ
457 1358 524 1418 ΕΛ
546 1355 630 1438 πρὸς
648 1359 723 1439 ΛΘ,
747 1351 788 1422 ὃν
807 1353 845 1422 δὲ
863 1381 884 1441 η
904 1362 971 1423 AZ
990 1356 1081 1446 πρὸς
1102 1368 1175 1445 ΔΗ,

159 1459 271 1546 ῆΖΚ
290 1456 374 1544 πρὸς
397 1464 479 1525 ΚΗ.
524 1459 625 1545 λέγω,
655 1456 841 1546 ὅτιῆάπὸ
864 1464 980 1530 τοῦΛ
1007 1466 1063 1533 ἐπὶ
1087 1468 1176 1536 τὸΚ
1214 1460 1216 1533 J

160 1565 417 1650 ἐπιζευγνυμένη
442 1578 655 1650 συμπεσεῖται
681 1563 736 1653 ἐφ’
762 1565 901 1654 ἕκάτερα
927 1572 968 1657 τῆ
992 1577 1102 1662 τομῆ,
1128 1573 1174 1642 καὶ

160 1675 197 1739 αἱ
227 1668 291 1738 ἀπὸ
324 1679 391 1737 τῶν
425 1672 650 1757 συμπτώσεων
684 1673 737 1740 ἐπὶ
768 1671 806 1741 τὸ
834 1682 868 1741 A
900 1675 1172 1767 ἐπιζευγνύμεναι

108 1796 140 1845 15
161 1776 348 1864 ἐφάψονται
372 1781 430 1864 τῆς
452 1782 564 1865 τομῆς.

226 1884 296 1954 ἐπεὶ
324 1882 389 1971 γάρ
420 1888 458 1952 αἱ
483 1893 564 1974 ΕΔ,
584 1893 649 1953 ZA
681 1886 819 1972 ἑκατέρα
845 1884 928 1954 κατὰ
959 1887 1024 1958 δύο
1058 1906 1172 1981 σημεῖα

158 1994 269 2080 τέμνει
288 2019 352 2079 την
371 1991 490 2080 τομήν,
510 1991 658 2061 δυνατόν
676 1994 768 2061 ἐστιν
785 1989 851 2061 ἀπὸ
865 1997 926 2062 τοῦ
940 2003 974 2062 A
993 1996 1171 2088 διάμετρον

159 2099 298 2187 ἀγαγεῖν
317 2103 376 2185 τῆς
394 2103 508 2186 τομῆς·
533 2097 691 2166 ὥστεκαὶ
710 2100 940 2186 ἐφαπτομένας
955 2099 1010 2187 ἐφ’
1029 2104 1171 2194 ἑκάτερα

158 2204 321 2292 ἤχθωσαν
345 2204 573 2292 ἐφαπτόμεναι
597 2207 634 2271 αδ
656 2212 735 2291 ΔΒ,
754 2214 836 2292 ΔΑ,
864 2206 920 2274 καὶ
943 2209 1171 2297 ἐπιζευχθεῖσα

105 2308 179 2398 νοῆ
203 2318 285 2396 ΒΑ,
310 2316 340 2377 εἰ
363 2309 525 2392 δυνατόν,
549 2307 593 2397 μῆ
618 2312 768 2397 ἐρχέσθω
792 2313 849 2380 διὰ
871 2317 940 2381 τῶν
963 2320 1006 2401 Λ,
1026 2321 1076 2402 Κ,
1102 2311 1169 2385 ἀλλ’

158 2419 233 2504 ῆτοι
257 2415 314 2483 διὰ
337 2428 398 2485 τοῦ
422 2418 539 2504 έτέρου
562 2413 675 2485 αὐτῶν
698 2417 718 2504 ῆ
744 2417 788 2485 δι’
811 2419 999 2509 οὐδετέρου.

226 2525 375 2612 ἐρχέσθω
404 2523 568 2614 πρότερον
599 2521 655 2590 διά
680 2523 790 2610 μόνου
811 2530 874 2594 τοῦ
897 2533 928 2593 Λ
951 2526 1007 2594 καὶ
1030 2532 1169 2616 τεμνέτω

158 2631 220 2718 τῆν
240 2637 308 2698 ΖΗ
329 2627 412 2699 κατὰ
435 2631 473 2697 τὸ
493 2635 540 2696 Μ.
579 2632 670 2695 ἐστιν
693 2627 770 2715 ἀρα,
794 2628 839 2711 ὡς
857 2629 878 2718 ῆ
898 2639 965 2698 ZA
987 2631 1073 2720 πρὸς
1092 2640 1169 2720 ΔΗ,

158 2737 178 2824 ῆ
205 2743 281 2803 ΖΜ
303 2733 387 2821 πρὸς
410 2741 493 2802 ΜΗ
496 2757 504 2771 ·
537 2731 618 2820 ὅπερ
642 2729 781 2803 ἀτοπον·
814 2733 988 2807 ὑπόκειται
1015 2739 1097 2828 γάρ,
1131 2739 1170 2820 ὥς

105 2842 178 2931 εῖῆ
203 2852 269 2911 ZA
292 2842 376 2929 πρὸς
397 2848 480 2927 AH,
503 2837 524 2928 ῆ
550 2849 616 2909 ΖΚ
638 2843 722 2931 πρὸς
744 2851 824 2913 KH.

226 2947 285 3018 ἐάν
318 2948 355 3016 δὲ
385 2945 407 3034 ῆ
438 2954 506 3015 BA
538 2948 623 3035 μηδὲ
655 2946 700 3016 δι’
731 2950 846 3037 ἑτέρου
878 2957 946 3020 τῶν
978 2959 1025 3039 A,
1049 2960 1085 3022 K
1115 2978 1169 3023 πο-

158 3057 309 3142 ρεύηται,
337 3053 389 3141 ἐφ’
418 3054 572 3139 ἑκατέρας
598 3058 668 3123 τῶν
697 3064 780 3142 ΛΕ,
806 3064 873 3124 AZ
903 3058 1109 3147 συμβῆσεται
1135 3057 1168 3128 τὸ

158 3186 294 3230 ατοπον.

159 3325 372 3334 --—.-..---

230 3434 253 3481 6.
273 3429 454 3556 γραμμῆςῆο,
475 3447 542 3487 corr.
557 3446 592 3484 ex
607 3431 693 3500 τομῆς
707 3448 743 3486 m.
761 3437 774 3484 l
789 3429 824 3486 V.
898 3438 939 3488 12.
959 3433 1001 3504 Κ]
1017 3451 1044 3504 p,
1063 3436 1120 3488 ΚΕ
1137 3431 1169 3488 V.

194 3499 380 3569 εεημι
427 3543 433 3556 .
507 3500 968 3572 ωπηαημπηωτμ
