2444 3892
217 416 325 484 Ἔστω
350 415 392 503 δη
410 419 448 485 τὸ
468 423 500 485 Γ
519 415 640 504 μεταξὺ
660 420 728 485 τῶν
751 413 860 503 άφοῖν,
885 413 931 496 ὥς
956 417 1016 485 ἐπλ
1040 421 1105 506 τῆς
1125 425 1181 507 τρί-

160 549 218 609 της
240 533 464 610 καταγραφῆς.

227 628 391 715 φανερόν,
419 629 470 697 ὅτι
494 627 556 697 οὐκ
580 628 767 716 ἐφάψονται
791 630 828 696 αλ
848 629 1004 716 γραμμαὶ
1029 628 1179 718 ἀλλήλων

128 731 244 803 σκαιὰ
271 733 309 803 τὸ
335 741 375 802 Γ·
402 733 484 803 κατὰ
512 734 575 803 δύο
598 733 663 823 γάρ
687 734 794 822 μόνον
817 731 1019 804 ὑπόκεινται
1047 736 1177 824 ἐφαπτά

163 867 268 928 μεναι.
305 844 516 929 τεμνέτωσαν
539 833 601 909 οὖν
620 839 763 911 κατὰτὸ
788 847 829 927 Γ,
852 841 908 908 καὶ
927 838 1105 929 ἤχθωσαν
1123 841 1176 912 άπὸ

160 947 469 1035 τῶνΑ,Βέφαπτό-

160 1080 258 1141 μεναι
304 1057 341 1121 αλ
379 1063 411 1120 A
422 1060 467 1140 A,

160 1166 246 1244 AB,
296 1160 352 1226 καὶ
398 1161 468 1227 ἐπε-

109 1283 141 1331 10
161 1265 289 1352 ζεύχθω
302 1263 322 1351 ἡ
333 1272 399 1332 AB
413 1265 468 1333 καὶ

160 1579 225 1649 ἀπὸ
257 1586 319 1650 τοῦ
350 1587 381 1647 Λ
416 1582 469 1649 ἐπὶ

160 1685 197 1753 τὸ
231 1695 258 1753 Ζ
294 1686 469 1774 διάμετρος

112 1809 143 1858 15
164 1797 263 1862 ἐσται.
301 1795 357 1862 διὰ
377 1792 438 1881 μέν
458 1786 520 1863 οὖν
538 1797 599 1862 τοῦ
618 1801 649 1862 Γ
667 1791 729 1862 οὐκ
747 1792 924 1862 ἐλεύσεται.
960 1797 992 1862 εί
1008 1795 1077 1884 γὰρ
1099 1794 1169 1883 ἥξει,

161 1896 181 1986 ἡ
206 1898 262 1967 διὰ
285 1911 346 1969 τοῦ
373 1908 406 1969 Γ
423 1900 513 1989 παρά
535 1900 597 1988 τὴν
620 1908 685 1968 AB
710 1899 855 1987 ἀγομένη
880 1898 1048 1986 ἐφάψεται
1071 1899 1168 1988 άμφο

161 2007 267 2103 τέμων
290 2011 358 2076 τῶν
377 2019 503 2095 τομῶν·
526 2007 683 2076 τοῦτοδὲ
707 2003 884 2075 ἀδύνατον.
922 2002 1021 2091 ἤχθω
1047 2005 1089 2094 δὴ
1112 2002 1169 2074 άπὸ

160 2124 221 2181 τοῦ
241 2119 273 2181 Γ
290 2113 380 2201 παρὰ
403 2112 466 2200 τὴν
485 2120 549 2181 AB
573 2111 593 2200 ἡ
617 2120 780 2181 ΓΚΗΜ·
810 2117 901 2180 ἔσται
925 2108 967 2197 δὴ
991 2113 1031 2179 ἐν
1053 2112 1116 2200 μὲν
1135 2114 1170 2200 τῇ

162 2220 256 2309 ἑτέρα
277 2224 362 2309 τομῇ
385 2218 406 2307 ἡ
426 2227 493 2288 ΓΚ
514 2224 554 2308 τῇ
573 2225 645 2286 ΚΗ
667 2228 734 2305 ἴση,
759 2222 796 2287 ἐν
820 2216 857 2286 δέ
879 2220 920 2306 τῇ
944 2217 1043 2308 ἑτέρηι
1061 2216 1082 2305 ἡ
1102 2224 1172 2287 ΚΜ
1214 2222 1216 2267 :

108 2340 142 2388 νο
160 2328 200 2412 τῇ
211 2333 281 2392 ΚΓ
296 2334 360 2413 ἴση.
384 2325 535 2395 ὥστεκαὶ
550 2322 801 2414 ἡΚΜτῇΚΗ
811 2335 879 2410 λ’ση·
900 2321 980 2407 ὅπερ
996 2321 1171 2394 ἀδύνατον.

229 2427 351 2517 ὁμοίως
375 2431 412 2501 δέ
434 2435 505 2517 καί,
536 2429 595 2498 ἐάν
623 2429 831 2517 παράλληλοι
859 2421 943 2498 ὦσιν
972 2432 1009 2496 αλ
1037 2427 1170 2518 ἐφαπτό-

161 2563 274 2622 μεναι,
301 2536 384 2605 κατά
411 2538 451 2606 τά
480 2534 563 2604 αὐτὰ
592 2549 661 2616 τοῖς
689 2536 800 2604 ἐπάνω
823 2533 861 2603 τὸ
889 2532 1062 2605 ἀδύνατον
1092 2541 1171 2623 δειχ-

161 2646 309 2730 θήσεται.
653 2711 685 2780 λ’

108 2834 142 2883 25
228 2818 412 2907 Παραβολη
440 2825 632 2906 παραβολῆς
661 2815 723 2886 οὐκ
747 2816 909 2903 ἐφάψεται
932 2814 1014 2885 κατά
1039 2823 1172 2887 πλείονα

162 2940 280 3012 σημεῖα
304 2921 323 3012 ἢ
348 2928 392 2993 ἕν.

228 3038 259 3100 ελ
284 3033 349 3119 γάρ
378 3031 539 3118 δυνατόν,
568 3031 833 3118 ἐφαπτέσθωσαν
861 3031 899 3097 αλ
918 3036 1041 3117 ΑΗΒ,
1068 3035 1174 3099 ΑΜΒ

160 3139 348 3225 παραβολαλ
374 3138 456 3205 κατὰ
482 3139 522 3206 τά
547 3146 592 3221 A,
612 3145 656 3223 Β,
685 3136 741 3202 καὶ
763 3134 926 3223 ἤχθωσαν
950 3134 1174 3224 ἐφαπτόμεναι

161 3246 197 3309 αλ
219 3252 302 3330 ΑΛ,
321 3250 399 3310 ΛΒ·
427 3241 614 3329 ἐφάψονται
643 3241 686 3328 δη
716 3234 814 3309 αὗται
840 3245 909 3309 τῶν
935 3244 1051 3327 τομῶν
1074 3239 1175 3328 άμφο·

161 3350 266 3430 τέρων
289 3349 345 3416 καὶ
369 3351 616 3435 συμπεσοῦνται
639 3344 723 3415 κατά
742 3346 779 3414 τὸ
803 3354 843 3416 Λ.

161 3458 417 3561 Ἷ-άῆ-οω.
430 3490 482 3559 Vp.
555 3496 580 3545 2.
599 3485 650 3560 ὡς]
669 3507 698 3558 p,
718 3505 771 3542 om.
786 3488 819 3542 V.
