2444 3892
500 687 752 765 ΚΩΝΙΚΩΝ
777 693 822 762 δ’.

213 839 438 922 Ἀπολλοόυιος
457 839 599 930 Ἀττάλῳ
623 845 761 928 χαίρειν.

215 947 392 1037 Πρότερον
415 948 477 1035 μὲν
500 948 642 1033 ἐξέθηκα
665 946 797 1035 γράψας
819 952 902 1035 πρὸς
924 948 1096 1036 Εὔδημον
1115 954 1170 1019 τὸν

148 1058 375 1144 Περγαμηνὸν
411 1056 479 1121 τεόν
516 1054 792 1141 συντεταγμένων
824 1051 908 1142 ἡμῖν
938 1060 1105 1125 κωνικῶν
1138 1059 1170 1126 έν

113 1180 130 1230 ο
150 1159 236 1231 όκτιὸ
256 1165 401 1249 βιβλίοις
422 1156 462 1226 τά
482 1163 597 1246 πρῶτα
615 1165 702 1248 τρία,
725 1159 968 1250 μετηλλαχότος
986 1159 1020 1228 δ’
1038 1165 1171 1232 ἐκείνου

148 1268 188 1337 τά
217 1265 317 1337 λοιπά
346 1264 564 1352 διεγνωκότες
590 1265 674 1354 πρός
701 1285 739 1335 σε
765 1267 893 1355 γράψαι
920 1265 977 1336 διά
1004 1271 1045 1336 τὸ
1074 1276 1171 1358 φιλο-

148 1378 324 1464 τιμεῖσθαί
344 1391 381 1440 σε
404 1371 671 1460 μεταλαμβάνειν
694 1370 735 1442 τὰ
757 1370 818 1462 ὑφ’
838 1371 935 1462 ἡμῶν
957 1396 1170 1463 πραγματευ-

150 1481 254 1569 όμενα
277 1477 497 1566 πεπόμφαμεν
520 1479 573 1547 ἐπὶ
596 1483 658 1548 τοῦ
680 1479 847 1568 παρόντος
866 1500 921 1550 σοι
943 1485 981 1549 τὸ
998 1482 1170 1569 τέταρτον.

148 1587 291 1673 περιέχει
315 1585 353 1653 δέ
375 1589 487 1672 τοῦτο,
511 1588 593 1654 κατά
614 1585 702 1656 πόσα
722 1600 842 1675 σημεῖα
861 1594 997 1656 πλείστα
1017 1587 1169 1656 δυνατόν

96 1710 130 1759 10
149 1693 218 1760 ἐστι
245 1689 304 1773 τὰς
330 1695 399 1760 τάν
426 1690 546 1761 κιόνων
574 1692 680 1782 τομάς
707 1690 869 1780 ἀλλήλαις
892 1717 928 1760 τε
953 1691 1011 1760 καὶ
1038 1697 1081 1781 τῇ
1110 1696 1169 1762 τοῦ

148 1799 274 1867 κύκλου
302 1804 496 1891 περιφερείᾳ
526 1799 746 1888 συμβάλλειν,
778 1800 900 1887 ἐάνπερ
930 1798 976 1887 μὴ
1003 1796 1084 1868 ὅλαι
1118 1799 1168 1868 ἐπὶ

149 1902 229 1986 ὅλας
252 1904 502 1994 έφαρμόζωσιν,
530 1911 578 1974 ἔτι
601 1905 716 1974 κοίνου
737 1901 822 1992 τομὴ
846 1905 903 1972 καὶ
924 1903 1053 1974 κύκλου
1076 1930 1168 1995 περι-

149 2013 266 2100 φέρεια
293 2026 366 2092 ταῖς
393 2010 638 2100 ἀντικειμέναις
665 2011 748 2080 κατά
775 2008 863 2079 πόσα
886 2024 1006 2098 σημεῖα
1029 2019 1167 2082 πλεῖστα

150 2116 391 2203 συμβάλλουσι,
413 2118 469 2184 καὶ
493 2119 584 2198 ἐκτὸς
607 2117 737 2186 τούτων
760 2117 845 2184 άλλα
869 2114 931 2185 οὐκ
950 2114 1048 2204 ὀλίγα
1068 2115 1167 2206 ὅμοια

96 2240 130 2289 15
148 2221 289 2302 τούτοις.
343 2222 473 2292 τούτων
501 2224 540 2292 δέ
566 2228 604 2293 τὸ
632 2223 694 2311 μέν
721 2224 966 2311 προειρημένον
991 2222 1121 2293 Κόνων
1149 2221 1165 2292 ὁ

149 2327 279 2415 Σάμιος
302 2329 437 2416 ἐξέθηκε
460 2332 544 2418 πρὸς
567 2334 784 2412 Θρασυδαῖον
808 2329 870 2398 οὐκ
894 2328 1007 2417 ὀρθῶς
1035 2332 1073 2399 έν
1096 2344 1167 2412 ταῖς

148 2434 360 2517 ἀποδείξεσιν
380 2432 617 2525 άναστραφείς·
643 2434 696 2504 διὸ
715 2436 771 2503 καὶ
789 2439 930 2525 μετρίως
953 2432 1060 2505 αὐτοῦ
1085 2434 1166 2506 άυδ-

149 2541 256 2630 ήψατο
275 2543 461 2630 Νικοτέλης
488 2541 506 2612 ὁ
526 2549 731 2630 Κυρηναῖος.
771 2542 848 2630 περὶ
868 2542 905 2610 δὲ
925 2545 986 2610 τοῦ
1006 2543 1168 2631 δευτέρου

150 2655 268 2737 μνείαν
293 2646 401 2736 μόνον
419 2654 594 2735 πεποίηται
618 2645 636 2717 ό
656 2649 841 2734 Νικοτέλης
865 2647 930 2717 σὺν
948 2651 989 2738 τῇ
1007 2653 1091 2737 πρὸς
1109 2654 1167 2718 τὸν

96 2771 131 2821 20
151 2754 299 2824 Κόνωνα
322 2751 511 2843 άντιγραφῇ
536 2751 581 2835 ὡς
605 2754 798 2842 δυναμένου
822 2757 1012 2842 δειχθῆναι,
1036 2757 1167 2824 δεικνυ-

150 2863 239 2955 μένφ
265 2862 303 2930 δὲ
326 2860 403 2929 οὔτε
426 2856 484 2927 ὑπ’
506 2856 612 2929 αὐτοῦ
630 2860 754 2930 τούτου
774 2857 851 2929 οὔδ’
872 2857 929 2928 ὑπ’
951 2861 1059 2929 άλλου
1077 2866 1168 2943 τινὸς

151 2966 397 3055 έντετεύχαμεν.
434 2970 472 3034 τὸ
496 2968 610 3054 μέντοι
634 2971 748 3054 τρίτον
771 2965 890 3034 καὶτὰ
915 2965 1000 3034 άλλα
1022 2968 1064 3034 τὰ
1088 2964 1167 3056 ὁμο-

224 3134 246 3183 1.
274 3122 455 3181 Ἀπολλωνίου
479 3125 624 3196 Περγαίου
648 3126 777 3182 κωνικῶν
800 3146 817 3196 γ
836 3127 883 3196 (δ’
884 3140 912 3169 ov
925 3144 961 3180 m.
976 3128 1005 3195 2)
1028 3120 1168 3191 ἐκδόσεως

151 3191 293 3252 Είτοκίου
306 3193 504 3252 Ἀσκαλωνίτου
523 3193 647 3267 εὐτυχῶς
661 3217 697 3253 m.
708 3206 721 3252 1
734 3199 767 3254 V.
841 3202 882 3252 15.
898 3195 1005 3252 Kdv‘oev
1020 3198 1054 3266 V,
1069 3215 1167 3268 comp

151 3269 181 3322 et
198 3285 234 3321 m.
249 3285 304 3324 rec.
320 3269 353 3326 V.
429 3272 470 3324 16.
492 3263 673 3338 Θρασόδοαον
692 3269 727 3339 Κ,
745 3264 905 3339 δραουδαρ“
924 3287 951 3339 p.
1017 3273 1059 3324 1⁸.
1079 3271 1167 3325 Νικο·

149 3337 230 3427 τελής
249 3337 307 3408 Vp,
326 3341 366 3394 ut.
381 3338 430 3395 lin.
448 3345 488 3394 19.
555 3344 595 3394 19.
617 3339 680 3466 τόρχ
701 3334 733 3396 έν
751 3337 854 3410 Halley
873 3356 937 3396 eum
952 3339 1058 3396 Comm.
1124 3346 1166 3396 κο.

150 3413 278 3466 Κανωνα
296 3408 330 3480 Κ,
350 3425 419 3466 corr.
438 3429 457 3480 p
477 3412 506 3467 et
523 3429 559 3469 m.
579 3426 633 3467 rec.
681 3453 687 3468 .
