2444 3892
124 153 191 217 300
407 152 671 206 corrrsmrrsms
688 151 858 215 εαυιοοε.

125 301 361 381 συμπίπτουσα
387 305 427 383 τῇ
457 299 521 360 ΓΑ
549 297 725 379 συμπίπτει
751 291 809 358 καὶ
834 302 874 379 τῇ
902 303 1006 381 τομῇ,
1040 289 1139 370 οὕτως

125 405 303 467 δείκνυται.

194 574 291 590 ......
305 523 362 590 καὶ
380 520 401 609 ἡ
419 530 483 590 ΖΕ
497 523 696 607 ἐφαπτέσθω
716 533 776 608 τῆς
794 533 897 609 τομῆς
912 519 996 590 κατὰ
1011 527 1049 590 τὸ
1064 529 1102 607 Ε,
1120 517 1139 606 ἡ

127 630 164 698 δὲ
192 630 383 716 σύμπτωσις
409 634 449 718 τῇ
477 636 542 697 ΓΑ
569 625 741 717 ἀνώτερον
769 632 809 716 τῇ
840 633 916 696 ΖΗ.
962 629 1065 715 λέγω,
1093 626 1139 695 ὅτι

91 753 107 803 5
127 739 328 823 ἐκβληθεῖσα
350 749 564 822 συμπεσεῖται
586 740 626 824 τῇ
649 746 743 825 τομῇ.

195 860 290 948 ἤχθω
320 859 385 946 γὰρ
418 859 474 927 διὰ
502 863 560 946 τῆς
591 867 623 927 Ε
648 857 738 946 ἁφῆς
768 861 980 947 παράλληλος
1012 864 1052 949 τῇ
1082 865 1142 926 ΓΑ

128 964 333 1056 ἆσυμπτύτῳ
353 963 374 1052 ἡ
394 971 469 1032 ΕΘ·
493 962 513 1050 ἡ
533 971 596 1033 ΕΘ
615 966 680 1052 ύρα
698 967 782 1033 κατὰ
802 964 911 1052 μόνον
929 969 967 1033 τὸ
987 973 1020 1032 Ε
1035 967 1141 1051 τέμνει

128 1072 191 1159 τὴν
213 1074 329 1159 τομήν.
370 1071 439 1139 ἐπεὶ
464 1064 526 1138 οὖν
549 1068 570 1158 ἡ
590 1077 655 1138 ΓΑ
673 1075 712 1160 τῇ
733 1077 795 1138 ΕΘ
813 1071 1026 1158 παράλληλός
1045 1074 1143 1156 ἐστιν,

128 1180 184 1246 καὶ
212 1182 252 1267 τῇ
276 1185 352 1245 AH
374 1183 551 1264 συμπίπτει
579 1175 599 1264 ἡ
625 1184 706 1263 ΖΗ,
733 1177 789 1245 καὶ
816 1181 856 1266 τῇ
880 1185 943 1246 ΕΘ
971 1177 1039 1266 ἄρα
1067 1198 1144 1265 συμ-

77 1301 110 1350 10
129 1297 288 1352 πεσεῖται·
313 1283 395 1353 ὥστε
419 1285 474 1351 καὶ
497 1289 537 1372 τῇ
560 1289 654 1373 τομῇ.

197 1416 245 1475 Er
286 1414 336 1488 τίς
381 1410 470 1476 ἐστιν
518 1406 757 1495 εὐθύγραμμος
798 1413 904 1494 γωνία
944 1410 1144 1496 περιέχουσα

129 1517 191 1602 τὴν
229 1511 421 1601 ὑπερβολὴν
459 1515 554 1600 ἑτέρα
594 1519 652 1601 τῆς
687 1513 903 1601 περιεχούσης
943 1512 1007 1600 τὴν
1049 1513 1146 1602 ὑπερ-

130 1621 248 1706 βολήν,
273 1619 334 1688 ούιι
358 1626 448 1688 ἔστιν
472 1619 623 1687 ἐλάσσων
646 1624 705 1707 τῆς
728 1619 945 1707 περιεχούσης
966 1619 1032 1707 τὴν
1050 1618 1146 1708 ὑπερ·

129 1726 245 1812 βολήν.

78 1869 111 1918 15
198 1853 280 1916 ἔστω
300 1846 481 1937 ὑπερβολή,
501 1842 541 1938 ἦς
559 1847 771 1937 ἀσύμπτωτοι
789 1853 827 1917 αί
843 1855 918 1934 ΓΑ,
937 1859 969 1917 Α
975 1860 1020 1937 Λ,
1041 1853 1146 1939 ἕτεραι

132 1956 172 2023 δέ
187 1981 277 2034 τινες
295 1954 511 2044 ἀσύμπτωτοι
529 1961 568 2044 τῇ
588 1961 671 2047 τομῇ
692 1962 841 2025 ἔστωσαν
857 1959 894 2023 αί
907 1963 1017 2025 ΕΖΗ.
1051 1959 1145 2044 λέγω,

132 2059 185 2128 ὅτι
210 2059 272 2129 ούκ
295 2062 447 2131 ἐλάσσων
471 2064 562 2132 ἐστὶν
586 2061 605 2148 ἡ
629 2063 712 2148 πρὸς
734 2066 779 2154 τῷ
806 2069 832 2127 Ζ
855 2068 961 2148 γωνία
984 2074 1044 2148 τῆς
1067 2063 1148 2150 πρὸς

130 2171 175 2235 τῶ
199 2177 240 2234 Α.

199 2297 349 2359 ε”στωσαν
382 2319 448 2379 γαρ
481 2291 645 2379 πρότερον
678 2294 715 2358 αί
742 2298 848 2358 ΕΖΗ
869 2304 941 2371 ταῖς
970 2298 1050 2377 ΓΑ,
1080 2303 1148 2361 ΑΔ

131 2509 176 2595 τῷ
211 2514 254 2570 Α·
288 2502 350 2570 ούκ
384 2502 537 2571 ἑλίσσων
570 2501 636 2590 ἄρα
669 2505 759 2571 ἐστὶν
792 2501 813 2589 ἡ
845 2502 930 2592 πρὸς
961 2509 1006 2596 τῷ
1037 2512 1065 2572 Ζ
1093 2511 1149 2592 τῆς

131 2609 215 2697 πρὸς
237 2612 282 2700 τῷ
307 2619 347 2677 Α.

199 2731 245 2818 μὴ
266 2737 414 2800 ἔστωσαν
430 2735 471 2820 δὴ
487 2732 705 2820 παράλληλοι,
723 2731 838 2812 καθὼς
852 2735 905 2800 ἐπὶ
918 2736 977 2819 τῆς
992 2738 1150 2824 δευτέρας

207 3002 229 3050 1.
255 2999 318 3069 ΓΑ]
344 3002 395 3053 ΓΔ
412 3017 439 3068 p.
531 2994 604 3053 οὕτω
623 3019 650 3070 p.
741 3006 766 3055 2.
790 2999 860 3053 Post
878 3000 1025 3053 δείκνυται
1045 3002 1151 3056 excidit

133 3069 328 3137 praeparatio,
352 3070 381 3123 in
401 3070 462 3140 Wp
486 3069 565 3124 nulls
588 3072 698 3126 lacuna.
788 3077 813 3123 3.
837 3064 855 3137 ἡ
875 3067 907 3122 δὲ
927 3066 1099 3198 σύμπτωσιχρ
1119 3070 1152 3126 αι’

133 3138 166 3193 δὲ
186 3138 361 3208 συμπτώσεις
379 3141 453 3211 Wp,
473 3158 543 3197 corr.
562 3141 666 3210 Halley
684 3158 748 3194 cum
768 3139 874 3194 Comm.
964 3147 989 3196 4.
1009 3143 1068 3212 τῇ(
1100 3144 1149 3214 t.)]

131 3215 182 3276 τῆς
198 3209 309 3280 Hslley.
401 3218 425 3268 9.
445 3213 519 3284 ΑΗ]
538 3213 651 3281 scripsi,
675 3215 736 3266 ΑΝ
751 3227 770 3279 p
789 3216 831 3277 ct,
853 3217 874 3263 A
892 3210 922 3265 in
935 3227 990 3265 ras.
1006 3231 1044 3268 m.
1060 3222 1084 3282 1,
1105 3216 1150 3282 W3

133 3283 188 3333 ΑΓ
213 3283 314 3351 Halley
338 3300 402 3336 cum
426 3282 531 3338 Comm.
625 3290 666 3338 15.
693 3274 743 3353 ἧς]
768 3279 882 3350 scripsi,
910 3277 928 3349 ἤ
952 3283 1028 3352 Wp,
1058 3287 1150 3352 possis

132 3352 219 3404 eiiam
239 3356 291 3405 καί
307 3353 454 3410 coniicere.
530 3361 570 3408 16.
590 3354 693 3425 ΕΖΗ]
713 3352 826 3420 scripsi,
846 3354 897 3405 ΕΖ
917 3352 990 3420 Wp;
1015 3357 1078 3418 EZ,
1095 3360 1152 3409 ΖΗ

131 3421 232 3490 Halley
254 3441 318 3477 cum
337 3424 441 3480 Comm.
536 3431 576 3480 18.
600 3426 651 3496 τῷ]
691 3423 748 3491 ,τό
769 3423 813 3477 W.
905 3427 948 3478 20.
968 3421 1149 3494 παράλληλοι.

133 3493 177 3559 ι”σιχ
197 3489 267 3562 ἄρα]
288 3512 315 3562 p,
334 3493 558 3567 acquisitores}
580 3493 637 3566 ἄρα
656 3444 701 3551 ib.
