2444 3892
229 172 334 224 PAPPI
350 172 525 224 LEMMATA
542 172 582 224 IN
601 173 719 226 come.
737 173 807 227 ΗΒ.
825 174 921 227 Ι-Ν.
1017 172 1080 238 161

72 321 138 380 BA
161 309 243 398 πρὸς
265 309 302 379 τὸ
322 308 387 378 ἀπὸ
406 319 486 398 ΑΔ,
511 309 616 391 οὑτως
638 310 676 379 τὸ
695 318 798 380 ΑΒΓ
815 318 981 401 τρίγωνον
999 314 1085 401 πρὸς

71 421 109 487 τὸ
133 426 241 486 ΑΔΕ
259 423 434 507 τρίγωνον.

140 559 183 627 δ’.
206 558 294 628 ’Ίσαι
318 563 355 628 αἱ
371 567 448 645 ΑΒ,
467 566 529 628 ΓΔ
551 561 606 628 καὶ
625 564 728 648 τυχὸν
747 575 885 649 σημεῖον
904 559 942 630 τὸ
962 569 1004 629 Ε·
1029 562 1082 632 ὅτι

72 664 110 732 τὸ
133 662 199 734 ὑπὸ
224 671 319 733 ΓΕΒ
341 670 402 734 τοῦ
425 663 491 734 ὑπὸ
516 672 609 734 ΓΑΒ
632 664 783 756 ὑπερέχει
805 672 850 760 τῷ
874 665 941 737 ὑπὸ
966 677 1081 737 ΔΕΑ.

72 829 116 880 Ε·
217 769 433 860 τετμήσθω“
416 798 437 858 η
462 777 528 839 ΒΓ
552 776 627 860 δίχα
650 777 695 864 τῷ
722 781 761 840 Ζ·
788 772 827 843 τὸ
852 773 922 840 Z''
902 801 967 861 apa
991 779 1081 861 ὃιχο-
1118 785 1139 834 ⁶

70 875 115 1004 A(
150 882 230 965 τομί
228 906 248 945 α
215 877 364 945 ίέσπὶν
387 878 442 945 καὶ
464 881 522 964 τῆς
545 886 619 946 ΑΔ.
663 842 719 946 ὑαὶ
742 881 811 948 ἐπεὶ
834 878 911 948 τὸ*
895 879 960 948 υπὸ
986 886 1081 948 ΓΕΒ

151 981 232 1070 μετὰ
254 987 317 1051 τοῦ
339 981 404 1052 ἀπὸ
429 989 491 1051 ΒΖ
519 993 595 1053 ἴσον
619 985 708 1052 ἐστὶν
731 989 776 1078 τῷ
800 983 866 1054 ἀπὸ
891 994 952 1054 ΕΖ
977 990 1082 1070 [Eue]

151 1091 194 1177 Π,
214 1093 265 1174 6],
290 1085 375 1157 ἀλλὰ
397 1088 506 1156 καὶ
473 1116 512 1157 το
535 1087 594 1158 ὑπ(
620 1098 724 1158 ΔΕΑ
747 1091 828 1177 μετὰ
850 1096 913 1160 τοῦ
932 1090 996 1160 ἀπὸ
1017 1101 1083 1160 ΑΖ

70 1212 116 1261 Β-
152 1204 228 1263 ἰσον
256 1195 347 1263 ἐστὶν
378 1198 423 1286 τῷ
447 1192 513 1263 ἀπὸ
546 1202 624 1282 ΕΖ,
654 1202 715 1263 καί
739 1198 888 1265 ἐστιν
856 1225 894 1266 το
923 1195 988 1265 ἀπὸ
1017 1206 1083 1266 ΑΖ

71 1250 116 1384 Ζὺ
153 1310 228 1370 ἴσον
246 1305 292 1393 τῷ
315 1298 381 1368 ὑπὸ
400 1306 493 1368 ΓΑΒ
516 1327 596 1388 μετα
621 1305 681 1369 τοῦ
705 1299 771 1369 ἀπὸ
795 1309 868 1387 ΒΖ,
891 1302 1008 1369 κοινὸν
1031 1305 1083 1370 ε’κ-
1103 1314 1137 1361 10

72 1451 115 1502 P·
151 1407 349 1494 κεκροὺσθω
367 1404 406 1474 πὸ
429 1404 495 1474 ἀπὸ
512 1412 588 1474 ΒΖ·
611 1403 729 1475 λοιπὸν
748 1406 815 1495 ἄρα
837 1409 875 1475 τὸ
899 1404 965 1476 ὑπὸ
986 1414 1081 1475 ΓΕΒ

152 1521 229 1579 ἴσον
257 1512 347 1580 ἐστὶν
373 1516 419 1604 τῷ
447 1538 482 1580 πε
510 1510 575 1580 ὑπὸ
599 1518 693 1580 ΓΑΒ
721 1513 776 1579 καὶ
803 1516 849 1605 τῷ
876 1510 942 1581 ὑπὸ
968 1520 1083 1581 ΔΕΑ.

152 1619 235 1687 ωστε
262 1615 344 1686 τὸ
327 1619 392 1686 ὑπὸ
422 1623 517 1685 ΓΕΒ
548 1622 610 1686 τοῦ
637 1616 703 1686 ὑπὸ
732 1624 824 1686 ΓΑΒ
857 1616 1009 1707 ὑπερέχει
1036 1624 1082 1712 τῷ

98 1721 217 1792 ’ὑπὸ
240 1730 358 1791 ΔΕΑ·
388 1721 467 1813 ὅπερ
492 1727 559 1791 ἔδει
583 1726 696 1805 δεῖξαι.

140 1864 177 1933 ε’.
201 1864 281 1931 Ἐὰν
301 1862 389 1931 δὲ
356 1891 394 1932 το
411 1879 549 1952 σημεῖον
566 1893 588 1954 ῃ
574 1857 724 1951 μεταξὺ
738 1871 805 1935 τῶν
821 1874 904 1952 Α,Β
924 1872 1083 1953 σημείων,
1103 1875 1139 1926 15

70 1971 109 2038 τὸ
134 1969 199 2038 ὑπὸ
225 1976 320 2037 ΓΕΒ
347 1974 408 2039 τοῦ
431 1968 497 2038 ὑπὸ
522 1976 616 2039 ΓΑΒ
644 1976 786 2040 ἔλασσον
810 1977 900 2041 ἔσται
922 1975 967 2064 τῷ
992 1969 1081 2063 αὐτῷ

71 2082 195 2167 χωρίῳ,
220 2066 323 2163 οὗπέρ
347 2078 437 2144 ἐστιν
459 2075 541 2144 κατὰ
564 2073 604 2143 τὰ
629 2073 712 2145 αὑτὰ
735 2074 756 2162 ἡ
779 2076 956 2160 ἀπόδειξις.

140 2181 200 2249 ἐὰν
229 2181 266 2248 δὲ
293 2182 330 2248 τὸ
361 2195 499 2268 σημεῖον
525 2172 546 2270 ᾖ
574 2184 694 2267 μεταξὺ
719 2187 787 2251 τῶν
810 2188 850 2268 Β,
869 2188 910 2269 Γ,
943 2181 981 2250 τὸ
1014 2179 1081 2250 ὑπὸ

71 2293 168 2355 ΓΕΒ
200 2290 262 2356 τοῦ
289 2283 355 2354 ὑπὸ
382 2295 489 2354 ΑΕΔ
520 2292 663 2356 ἔλασσον
695 2293 786 2356 ἔσται
815 2292 860 2381 τῷ
888 2286 953 2356 ὑπὸ
981 2296 1083 2355 ΑΒΔ

69 2397 111 2482 τῇ
134 2393 218 2482 αὐτῇ
243 2391 365 2482 ἀγωγῇ.
1057 2444 1059 2449 .
1101 2405 1137 2453 20

140 2533 320 2621 5‘.”I671‘
304 2563 324 2622 η
349 2541 415 2604 ΑΒ
438 2539 477 2623 τῇ
501 2541 577 2621 ΒΓ,
605 2534 661 2602 καὶ
685 2533 747 2602 δύο
772 2536 953 2620 σημεῖατὰ
976 2543 1020 2619 Δ,
1039 2543 1082 2602 Ε

72 2641 125 2708 ὅτι
152 2641 189 2708 τὸ
218 2639 368 2730 τετράκις
397 2638 461 2708 ἀπὸ
484 2644 543 2726 τῆς
566 2647 631 2706 ΑΒ
658 2638 869 2725 τετράγωνον
893 2649 968 2707 ἴσον
993 2640 1083 2707 ἐστὶν

71 2750 117 2836 τῷ
143 2743 228 2826 δὶς*
213 2749 278 2813 υπὸ
293 2751 401 2812 ΑΔΓ
418 2746 498 2832 μετὰ
518 2749 579 2812 τοῦ
599 2741 684 2824 δὶς
668 2744 734 2811 υπὸ
749 2749 854 2810 ΑΕΓ
870 2770 926 2811 παι
915 2743 997 2823 δὶς
1015 2748 1084 2812 τῶν

72 2848 138 2918 ἀπὸ
163 2859 236 2934 ΒΔ,
255 2857 321 2916 ΒΕ
341 2849 568 2936 τετραγώνων.

278 2979 299 3026 A
444 2977 469 3024 Δ
497 2974 522 3025 Ε
585 2977 606 3024 Β
856 2975 881 3024 Γ

286 3042 868 3080 1——1-1——-1—-—-—--1

117 3120 219 3183 τοῦτο
254 3114 291 3182 δὲ
323 3112 487 3200 φανερόν·
519 3113 556 3180 τὸ
585 3111 646 3198 μὲν
674 3113 738 3200 γὰρ
768 3113 819 3191 δὶς
847 3109 911 3179 ἀπὸ
935 3120 999 3179 ΑΒ
1027 3111 1084 3179 διὰ
1103 3130 1141 3181 25

72 3226 141 3291 τῶν
166 3224 367 3308 ὄιχοπομιῶν
396 3228 470 3287 ἴσον
495 3217 586 3285 ἐστὶν
609 3221 652 3310 τῷ
676 3243 710 3286 τε
734 3217 786 3296 δὶς
807 3214 873 3285 ὑπὸ
898 3224 1005 3286 ΑΔΓ
1028 3218 1083 3286 καὶ

73 3359 285 3368 ι--.----

145 3440 170 3488 9.
200 3434 252 3487 καί
273 3429 360 3502 ἔστιν]
390 3428 464 3486 ἔστιν
488 3425 545 3500 ἄρα
567 3433 619 3485 καί
644 3429 716 3487 coni.
734 3428 862 3485 Hultsch.
954 3435 996 3489 14.
1024 3429 1085 3487 ἔδει

73 3504 178 3575 δεῖξαι]
199 3525 246 3558 :ev
265 3503 344 3558 codd.

127 3600 314 3653 Apollonius,
333 3601 367 3642 ed.
381 3600 490 3650 Heiborg.
511 3599 542 3640 ΙΙ.
893 3595 934 3643 Ἃ
