2444 3892
475 153 704 207 nnnnnnnnn.
1035 153 1098 218 127

89 291 106 362 ὁ
131 296 257 362 ἐκτῶν
280 290 439 381 άριδμων
462 291 515 380 ἐφ’
538 284 587 360 ιδν
611 290 651 359 τά
674 299 761 377 Α,Β
785 295 917 381 στερεὸς
939 295 1099 385 μυριάδες

88 401 175 469 εἰσὶν
197 409 358 468 τοσαῦται
386 395 562 485 ὁμώνυμοι
589 400 635 488 τῷ
658 404 701 482 Ζ,
734 395 812 478 ὅσος
839 399 931 468 ἐστὶν
958 399 976 469 δ
1005 406 1098 471 δεκα-

87 512 237 575 πλασίων
270 516 331 573 τοῦ
364 512 402 574 Β.
458 506 519 573 ἐὰν
552 502 589 571 δὲ
621 505 659 572 τὸ
692 507 937 592 προειρημένον
968 500 1122 596 πλῆθος

87 613 316 702 μετρούμενον
339 610 405 679 ὑπὸ
429 610 589 700 τετράδος
615 615 795 698 καταλείπῃ
821 611 901 698 δύο,
930 610 948 681 ὁ
973 616 1008 682 ἐκ
1029 620 1098 685 τῶν

87 718 243 807 άριδμῶν
267 719 401 806 στερεὸς
422 721 491 785 τῶν
516 712 569 803 ἐφ’
592 709 641 784 ὦν
664 717 703 785 τά
725 725 767 800 A,
782 722 811 782 Β
834 718 994 805 μυριάδες
1012 721 1097 789 εἰσὶν
1134 735 1151 785 5

87 837 248 894 τοσαῦται
270 822 444 912 ὁμώνυμοι
467 834 515 915 τῷ
539 830 577 908 Ζ,
602 818 794 901 ὅσοςέστλν
819 820 837 890 ὁ
863 824 1098 894 ἕκατοντοιπλά-

90 949 161 1010 σιος
182 941 244 998 τοῦ
266 937 298 997 Β
323 926 482 1017 άριδμοῦ.
534 925 617 995 ὅταν
645 926 683 994 δὲ
705 941 793 1015 τρεῖς
814 936 1100 1017 καταλειφδωσιν,

89 1045 163 1116 ἴσος
194 1035 284 1103 ἐστὶν
317 1031 335 1101 ὃ
363 1035 397 1114 ἐξ
425 1031 539 1101 αὐτῶν
567 1034 700 1119 στερεὸς
732 1033 893 1121 μυριάσιν
923 1036 1101 1117 τοσαύταις

88 1140 282 1230 ὅμωνάμοις
309 1145 355 1232 τῷ
380 1147 423 1226 Ζ,
457 1137 536 1220 ὅσος
563 1139 653 1208 ἐστὶν
681 1136 699 1208 ὁ
729 1140 960 1227 χιλιαπλάσιος
986 1153 1047 1209 τοῦ
1070 1149 1102 1209 Β

87 1248 247 1334 άριδμοῦ.
1118 1261 1152 1311 10

153 1393 206 1458 43.
238 1391 367 1477 Pappus
391 1389 434 1475 II,
458 1392 476 1456 7
500 1414 532 1474 p.
551 1392 581 1475 8,
601 1393 715 1476 12sq.:

149 1495 222 1564 Ἐπὶ
250 1493 287 1562 δὲ
314 1497 375 1562 τοῦ
403 1493 455 1561 ιδ’
478 1492 705 1583 θεωρήματος.
747 1492 855 1563 Ἔστω
878 1521 927 1575 τις
954 1492 1100 1581 άρνδμδς

87 1603 105 1672 ὁ
129 1610 162 1669 A
189 1600 341 1670 ἐλάσσων
366 1600 428 1689 μὲν
453 1601 687 1685 ἑκατοντάδος,
716 1601 939 1690 μετρούμενος
967 1601 1004 1670 δὲ
1031 1600 1098 1671 ὑπὸ

87 1709 242 1795 δεκάδος,
269 1708 324 1775 καὶ
353 1709 448 1776 άλλοι
478 1705 725 1794 ὁσοιδηποτοῦν
754 1708 897 1796 άριδμοὶ
920 1708 1099 1789 ἐλάσσονες

88 1815 242 1900 δεκάδος,
274 1814 329 1881 καὶ
358 1814 438 1882 δέου
468 1819 551 1881 ἔστω
579 1811 639 1881 τὸν
667 1816 703 1880 ἐκ
729 1817 797 1881 τῶν
821 1823 867 1900 A,
885 1823 929 1899 Β,
947 1821 986 1900 Γ,
1006 1825 1050 1900 Δ,
1069 1823 1101 1883 Ε
1118 1828 1150 1877 15

87 1919 222 2007 στερεὸν
246 1924 360 1988 εἰπεῖν.

143 2025 252 2095 Ἔστω
275 2025 340 2112 γὰρ
363 2023 443 2093 καθ’
465 2021 506 2093 δν
525 2037 691 2110 μετρεῖται
710 2020 776 2090 ὁΑ
798 2021 863 2092 ὑπὸ
882 2024 1099 2111 τῆςδεκάδος

10 2132 13 2139 ’
88 2131 106 2201 ὁ
131 2140 174 2219 Ζ,
202 2133 373 2200 τουτέστιν
398 2128 416 2197 ὁ
440 2128 580 2217 πυθμὴν
602 2140 663 2196 τοῦ
687 2135 734 2214 A,
762 2129 818 2196 καὶ
841 2129 996 2217 εἰλήφθω
1022 2131 1040 2199 ὁ
1063 2134 1099 2199 ἐκ

85 2242 153 2307 τῶν
177 2246 215 2323 Ζ,
234 2244 275 2324 Β,
294 2242 332 2322 Γ,
353 2244 396 2321 A,
415 2243 447 2303 Β
468 2234 601 2323 στερεὸς
622 2234 678 2302 καὶ
701 2239 783 2302 ἔστω
808 2232 825 2302 ὁ
849 2239 897 2302 Η·
925 2237 1026 2322 λέγω,
1050 2234 1100 2304 ὅτι

87 2342 104 2413 ὁ
130 2346 186 2412 διὰ
208 2348 277 2411 τῶν
297 2353 338 2428 A,
357 2350 396 2428 Β,
416 2348 453 2428 Γ,
474 2351 517 2427 A,
537 2349 569 2408 E
589 2340 722 2429 στερεὸς
746 2343 877 2420 δεκάκις
898 2343 983 2409 εἰσὶν
1004 2345 1039 2410 ολ
1054 2349 1097 2409 Η.
1117 2355 1150 2405 20

152 2452 202 2517 De
226 2453 501 2518 demonstratione
524 2450 655 2536 Pappus
677 2473 708 2534 p.
733 2449 762 2534 8,
786 2452 842 2515 27:
875 2445 912 2515 τὸ
938 2447 976 2516 δὲ
998 2474 1098 2537 γραμ-

87 2552 186 2642 μικὸν
209 2553 275 2624 ὑπὸ
299 2560 360 2624 τοῦ
381 2553 607 2624 Ἀπολλωνίου
631 2555 804 2622 δέδεικται.

153 2699 207 2763 44.
238 2698 368 2782 Ρερραε
391 2697 433 2781 ΙΙ,
458 2699 477 2763 8
501 2698 715 2782 p.10,1sq.:

152 2796 248 2866 Ἀλλδι
272 2800 313 2886 δὴ
338 2805 487 2869 ἔστωσαν
511 2801 574 2869 δύο
597 2799 737 2889 ἀριθμοὶ
762 2803 797 2868 ολ
817 2809 861 2885 A,
878 2807 922 2885 Β,
950 2791 999 2868 ὧν
1024 2798 1097 2867 ἑκά-
1189 2750 1218 2847 x

85 2931 180 2992 τερος
203 2904 355 2973 ἐλάσσων
378 2904 439 2992 μὲν
463 2905 695 2990 ἕκατοντάδος,
722 2903 946 2993 μετρούμενος
970 2905 1006 2972 δὲ
1029 2902 1096 2973 ὑπὸ
1116 2917 1150 2968 25

85 3034 299 3044 ‚-.—-.-—.

158 3100 219 3154 Lin.
230 3106 313 3168 24sq.
325 3099 360 3152 ab
371 3099 522 3168 Apollonio
533 3098 824 3169 abiudicatTannery,
839 3100 887 3154 sed
903 3100 951 3154 cfr.
962 3117 989 3168 p.
1000 3104 1059 3167 128,
1071 3104 1095 3153 7.

87 3174 188 3228 contra
206 3172 266 3225 iure
284 3171 360 3224 idem
380 3171 466 3240 Papp.
485 3189 512 3240 p.
532 3175 573 3238 10,
593 3175 698 3225 15-30
716 3173 804 3239 negat
822 3170 897 3238 apud
915 3169 1097 3239 Apollonium

86 3243 183 3312 fuisse,
203 3259 254 3296 nec
268 3240 310 3296 ibi
328 3238 360 3295 τὸ
375 3240 535 3310 νραμμικόν
554 3241 668 3307 citatum
689 3241 817 3310 aPappo
832 3241 961 3295 additum
976 3240 1097 3308 uidetur,

87 3332 140 3383 quo
159 3313 250 3383 magis
269 3311 412 3384 gradatim
430 3312 468 3365 ad
487 3312 587 3381 fragm.
601 3318 635 3367 45
654 3315 826 3368 transeatur.

160 3497 202 3546 15.
222 3487 343 3553 δεκάδος
362 3487 423 3545 οἷον
442 3486 472 3544 ολ
492 3494 520 3556 Β,
536 3493 568 3559 Γ,
583 3493 616 3557 Δ,
632 3492 657 3543 Ε
674 3487 795 3543 Hultsch
814 3504 876 3542 cum
895 3487 965 3544 aliis.
