2444 3892
143 145 206 211 184
421 146 683 201 coffinum
700 146 870 210 mmm..

140 289 355 377 περιφέρειαν
383 291 443 356 τοῦ
472 289 597 355 κύκλου
618 284 786 374 κλάμεναι
808 284 868 354 τὸν
892 281 997 353 αὐτὸν
1021 289 1167 372 ἔχουσαι

140 394 245 481 λόγον
267 408 339 474 ταῖς
361 401 400 479 Γ,
424 402 465 462 A.

208 502 293 585 λέγω
323 499 381 587 δή,
410 498 460 569 ὅτι
488 499 573 590 πρὸς
595 499 684 590 άλλφ
708 504 832 626 σημείῳ
856 496 900 627 μὴ
924 496 998 567 όντι
1022 498 1079 565 ἐπὶ
1103 501 1164 584 τῆς

143 613 354 695 περιφερείας
377 604 418 675 οὐ
441 613 568 693 γίνεται
592 605 692 692 λόγος
714 610 782 673 των
806 601 871 673 άπὸ
893 608 962 673 των
985 612 1028 691 A,
1047 611 1079 670 Β
1104 625 1161 691 ση·

107 720 247 800 ομείων
276 710 326 782 ἐπ’
357 711 439 782 αὐτὸ
464 713 749 799 ἐπιζευγνυμένων
773 708 956 781 εόθειων“
942 738 959 779 ο
985 708 1090 845 αὐτὸς
1113 714 1159 798 τῷ

141 825 200 906 τής
223 826 255 887 Γ
273 817 357 949 πρὸς
378 828 421 888 Δ.

209 932 240 995 εί
266 926 330 1014 γὰρ
359 926 522 1012 δυνατόν,
550 928 714 1013 γεγονέτω
741 926 824 1012 πρὸς
851 929 896 1016 τῷ
919 932 961 992 Μ
984 922 1078 1004 ἐκτὸς
1102 930 1161 1012 τής

141 1039 365 1121 περιφερείας·
392 1033 508 1102 καὶ
472 1061 536 1121 γαρ
561 1039 591 1102 εί
613 1034 708 1114 ἐντὸς
730 1039 889 1120 ληφθείη,
912 1031 950 1101 τὸ
976 1029 1058 1099 αὐτὸ
1083 1031 1160 1100 άτο-

141 1163 207 1208 πον
243 1139 447 1227 συμβήσεται
483 1138 562 1208 καθ’
599 1142 715 1230 ἑτέραν
750 1144 817 1207 τῶν
850 1137 1065 1207 ὑποθέσεων·
1104 1138 1158 1205 καὶ

91 1265 123 1314 10
143 1245 395 1333 ἐπεζεύχθωσαν
419 1250 456 1313 αί
478 1255 563 1332 MA,
587 1253 671 1331 ΜΒ,
695 1253 777 1333 ΜΖ,
803 1246 859 1314 καὶ
882 1243 1088 1329 ὑποκείσθω,
1113 1241 1158 1324 ὡς

142 1349 163 1438 ἡ
187 1358 219 1419 Γ
236 1356 320 1440 πρὸς
343 1361 387 1439 A,
411 1352 518 1433 οὕτως
540 1351 560 1439 ἡ
582 1360 662 1420 AM
680 1352 762 1440 πρὸς
781 1361 863 1421 ΜΒ.
900 1357 990 1420 ἔστιν
1013 1351 1091 1440 άρα,
1114 1348 1160 1430 ὥς

142 1457 163 1544 ή
187 1466 257 1525 EA
286 1458 371 1544 πρὸς
400 1468 447 1544 A,
476 1459 583 1538 οὕτως
609 1460 647 1527 τὸ
676 1456 740 1526 άπὸ
768 1466 836 1526 EA
863 1457 946 1545 πρὸς
972 1457 1010 1526 τὸ
1040 1456 1107 1525 άπὸ
1132 1464 1165 1525 Γ

142 1566 198 1633 καὶ
226 1564 264 1632 τὸ
293 1563 357 1633 άπὸ
382 1572 463 1632 AM
485 1562 571 1652 πρὸς
596 1561 635 1631 τὸ
659 1562 724 1631 ἀπὸ
748 1572 830 1633 ΜΒ.
876 1562 949 1633 ἀλλ’
976 1562 1020 1644 ὡς
1043 1561 1063 1650 ή
1090 1573 1159 1633 EA

143 1671 227 1759 πρὸς
253 1682 301 1759 A,
330 1670 436 1753 οὕτως
467 1670 639 1742 ὑπόκειται
667 1669 687 1760 ἡ
718 1680 783 1741 AZ
810 1671 895 1761 πρὸς
923 1680 997 1740 ΖΒ·
1029 1672 1087 1739 καὶ
1116 1669 1161 1751 ὡς

91 1800 124 1847 ιο
143 1778 208 1864 άρα
231 1778 252 1865 η
277 1788 341 1848 AZ
364 1780 447 1868 πρὸς
471 1789 543 1868 ΖΒ,
566 1779 604 1850 τὸ
628 1779 694 1848 άπὸ
719 1788 800 1849 AM
817 1781 901 1869 πρὸς
923 1779 961 1848 τὸ
986 1776 1051 1847 άπὸ
1077 1786 1160 1846 ΜΒ.

142 1884 198 1953 καὶ
231 1886 287 1954 διὰ
319 1888 359 1956 τά
392 1890 652 1978 προδειχθέυτα,
686 1886 744 1958 ἐάν
774 1887 839 1956 άπὸ
868 1891 930 1956 τοῦ
961 1894 985 1953 Β
1013 1890 1052 1974 τή
1084 1893 1162 1954 AM

144 1991 359 2080 παράλληλον
387 1994 580 2082 ἀγάγωμεν,
609 1994 836 2084 δειχθήσεται,
865 1991 909 2073 ὡς
936 1990 957 2079 ή
981 2001 1047 2061 ΑΖ
1075 1991 1160 2083 πρὸς

145 2106 221 2185 ΖΒ,
244 2099 282 2168 τὸ
307 2101 371 2170 άπὸ
395 2110 427 2168 A
435 2110 461 2169 Z
485 2104 568 2189 πρὸς
590 2104 628 2171 τὸ
653 2101 718 2170 άπὸ
743 2109 823 2169 ZM
869 2103 1005 2186 ἐδείχθη
1030 2099 1068 2168 δὲ
1092 2107 1159 2187 καί,

145 2203 190 2286 ὡς
216 2205 237 2294 ή
266 2216 332 2275 AZ
359 2206 442 2297 πρὸς
470 2215 547 2294 ΖΒ,
575 2208 612 2275 τὸ
642 2207 706 2275 άπδ
732 2216 797 2275 AZ
825 2212 908 2295 πρὸς
934 2210 971 2275 τὸ
999 2206 1065 2274 άπὸ
1090 2214 1160 2276 ΖΘ.

91 2333 125 2381 20
146 2323 201 2399 ίση
225 2312 334 2401 άραή
362 2321 422 2381 ΖΘ
445 2318 485 2402 τή
510 2321 594 2381 ΖΜ·
618 2313 699 2399 ὅπερ
723 2313 904 2383 ἀδύνατον.

211 2419 307 2489 τόποι
342 2412 405 2489 οὖν
438 2422 588 2488 ἐπίπεδοι
620 2422 774 2505 λέγονται
805 2422 845 2488 τὰ
876 2425 1027 2490 τοιαῦτα·
1061 2425 1097 2490 ολ
1123 2421 1162 2490 δέ

145 2526 320 2615 λεγόμενοι
348 2528 477 2616 στερεοὶ
503 2525 599 2594 τόποι
627 2529 689 2612 τήν
710 2534 953 2613 προσωνυμίαν
981 2527 1161 2614 ἐσχήκασιν

146 2631 210 2702 α’πὸ
243 2637 304 2703 τοῦ
336 2632 395 2712 τὰς
427 2631 595 2719 γραμμάς,
630 2631 675 2699 δι’
711 2625 760 2701 οἷν
792 2633 981 2719 γράφονται
1013 2633 1053 2702 τά
1085 2631 1159 2702 κατ’

146 2737 269 2819 αὐτοὺς
296 2738 529 2827 προβλήματα,
557 2740 592 2805 ἐκ
620 2742 679 2826 τῆς
706 2745 808 2827 τομής
834 2751 903 2808 των
931 2745 1075 2827 στερεῶν
1101 2740 1163 2828 τήν

94 2862 128 2912 25
148 2848 281 2929 γένεσιν
315 2850 418 2932 ἔχειν,
452 2839 523 2912 οἷαί
554 2849 640 2912 είσιν
672 2848 710 2913 αί
739 2857 800 2914 τοῦ
832 2847 945 2914 κώνου
978 2847 1076 2932 τομαὶ
1106 2848 1163 2915 καὶ

148 2952 255 3037 ἕτεραι
277 2956 421 3029 πλείους.
468 2951 532 3018 είσλ
558 2951 595 3018 δὲ
618 2953 673 3019 καὶ
697 2949 794 3022 ἄλλοι
817 2951 914 3021 τόποι
936 2951 1021 3039 πρὸς
1044 2953 1161 3041 έπιφά-

146 3081 242 3122 νειαν
270 3054 460 3141 λεγόμενοι,
491 3062 526 3124 οἳ
550 3057 612 3143 τήν
638 3062 831 3147 ἐπωνυμίαν
856 3065 990 3147 ἔχουσιν
1015 3057 1079 3127 άπὸ
1102 3065 1161 3146 τής

146 3161 220 3248 περὶ
245 3158 368 3239 αὐτοὺς
391 3161 564 3248 ἰδιότητος.

218 3435 242 3484 2.
252 3428 303 3513 Γ]
322 3434 344 3481 A
364 3430 431 3512 Wp,
451 3447 520 3486 corr.
539 3431 572 3485 U.
646 3436 669 3486 3.
690 3426 776 3503 ἄλλω]
796 3447 866 3488 corr.
885 3450 920 3487 ex
939 3427 1005 3486 ἄλλο
1024 3449 1059 3487 m.
1081 3435 1160 3488 1W.

182 3506 207 3554 4.
227 3500 283 3554 τῶν
303 3501 337 3571 A]
356 3500 462 3571 scripsi,
481 3500 590 3571 AWp.
691 3509 715 3558 9.
737 3487 781 3557 ft&
769 3504 850 3573 ἐραν]
871 3520 922 3559 scr
944 3498 1091 3570 ἕ.κοιτέραν
