2444 3892
137 121 202 186 146
417 123 679 175 commum
697 122 865 185 ANTIQUA.

134 263 191 332 καὶ
205 261 371 348 σκαληνὸς
390 259 477 330 εἶναι
492 262 510 330 ὁ
525 272 644 347 κῶνος,
664 267 753 330 ἔστιν
768 264 816 347 δέ,
836 264 881 341 ὡς
894 261 1160 348 προγέγραπται,

137 370 173 436 ἐν
203 367 300 459 κώνῳ
331 371 483 458 σκαληνῷ
512 374 647 454 μεγίστη
676 394 725 448 τις
751 368 807 434 καὶ
834 369 987 454 ἐλαχίστη
1014 368 1159 456 πλενρά,

136 473 326 561 ἀναγκαίως
357 479 581 560 προστίθησιν
613 473 651 542 τὸ
683 473 1061 562 προσεκβεβλήσθω,
1098 477 1158 542 ἵνα

135 581 201 648 αἰεὶ
237 585 527 667 προσεκβληθεῑσα
563 577 584 664 ἡ
622 581 774 666 ἐλαχίστη
812 577 865 647 άεὶ
901 583 960 665 τῆς
996 585 1159 667 μεγίστης

98 701 115 751 ο
135 685 275 772 αὔξηται
292 687 635 773 προσεκβαλλομένης,
655 686 716 764 ἕως
736 694 791 771 ίση
805 687 941 772 γε’νηται
959 688 999 773 τῇ
1014 692 1158 775 μεγίστη

134 792 191 860 καὶ
213 790 326 881 ψαύση
349 790 420 859 κατ’
443 794 552 860 ἐκεῖνο
575 796 634 878 τῆς
656 796 716 860 τοῦ
740 793 865 860 κύκλου
887 796 1109 878 περιφερείας.

203 898 247 969 θ’.
268 897 377 966 Ἔστω
396 897 530 985 γραμμὴ
549 894 569 983 ἡ
586 903 695 984 ΑΒΓ,
718 897 774 965 καί
796 898 892 965 θέσει
911 893 931 983 ἡ
948 903 1022 982 ΑΓ,
1045 901 1155 966 πᾶσαι

136 1003 174 1071 δὲ
196 1007 234 1071 αί
255 1002 320 1073 άπὸ
343 1007 402 1089 της
420 1007 572 1090 γραμμῆς
590 1004 643 1071 ἐπὶ
661 1005 723 1089 την
742 1009 812 1071 ΑΓ
829 1003 969 1071 κάθετοι
988 1000 1155 1089 ἀγόμεναι

138 1107 244 1189 οὕτως
268 1108 480 1196 άγέσθωσαν,
505 1107 589 1176 ὥστε
607 1108 645 1176 τὸ
664 1108 730 1177 άπὸ
751 1108 889 1195 ἑκάστης
908 1106 1020 1177 αὐτῶν
1039 1111 1154 1198 τετρά·

81 1232 117 1281 10
135 1242 247 1302 γωνον
267 1223 342 1283 ίσον
361 1213 512 1306 εἶναιτῷ
531 1217 753 1304 περιεχομένῳ
773 1212 838 1282 ὑπὸ
858 1218 926 1284 τῶν
944 1225 1003 1302 τῆς
1020 1214 1155 1300 βάσεως

135 1320 315 1409 τμημάτων
338 1312 405 1389 τῶν
428 1317 488 1407 ὑφ’
511 1318 649 1405 ἑκάστης
667 1317 940 1406 άποτμηθέντων.
977 1321 1074 1406 λέγω,
1100 1319 1152 1389 ὅτι

134 1427 261 1497 κύκλου
283 1423 477 1515 περιφέρειά
501 1427 592 1493 ἐστιν
614 1422 634 1511 ἡ
655 1431 763 1511 ΑΒΓ,
788 1425 963 1514 διάμετρος
986 1426 1023 1493 δὲ
1047 1424 1154 1512 αὐτῆς

135 1535 226 1601 ἐστιν
249 1529 269 1618 ἡ
294 1537 366 1599 ΑΓ.

201 1636 362 1723 ἤχθωσαν
390 1637 453 1722 γάρ
482 1632 546 1704 άπὸ
575 1643 721 1723 σημείων
745 1641 813 1704 τῶν
838 1646 880 1724 Δ,
899 1645 940 1724 Β,
959 1646 991 1705 Β
1011 1636 1152 1706 κάθετοι

82 1759 116 1807 15
136 1745 173 1809 αλ
195 1749 278 1828 ΔΖ,
301 1749 385 1827 ΒΗ,
408 1749 480 1810 ΕΘ.
525 1739 564 1810 τὸ
592 1743 654 1830 μὲν
681 1741 747 1831 άρα
776 1742 840 1812 άπὸ
866 1750 933 1811 ΔΖ
959 1752 1035 1812 ίσον
1059 1744 1152 1811 ἐστίν

134 1852 179 1940 τῷ
213 1845 278 1917 ὑπὸ
311 1854 420 1934 ΑΖΓ,
455 1851 492 1916 τὸ
527 1848 564 1916 δέ
595 1845 660 1918 άπὸ
693 1856 768 1916 ΒΗ
1025 1924 1055 1971 B

133 1959 179 2046 τῷ
203 1952 269 2024 ὑπὸ
290 1961 404 2042 ΑΗΓ,
427 1952 465 2023 τὸ
488 1956 525 2024 δὲ
543 1954 609 2025 άπὸ
630 1962 694 2022 ΕΘ
715 1959 761 2045 τῷ
902 1965 931 2008 Δ
1088 1988 1116 2037 γ]

134 2059 200 2130 ὑπὸ
228 2069 341 2132 ΑΘΓ.
395 2061 571 2149 τετμήσθω
605 2063 646 2148 δη
686 2065 762 2148 δίχα
863 1970 1131 2238 [Q

134 2165 238 2254 ηΑΓ
256 2167 395 2237 κατὰτὸ
415 2176 459 2253 Κ,
481 2169 537 2235 καλ
559 2168 762 2256 ἐπεζεύχθω·
825 2212 856 2261 Α

79 2278 366 2360 κοσαναίΔΚ,
387 2280 469 2358 ΚΒ,
489 2281 566 2340 ΚΕ.
604 2266 761 2342 ἐπελοῦν
902 2241 931 2284 Z
969 2239 1139 2294 ΜΗ

133 2379 170 2448 τὸ
194 2379 260 2449 ὑπὸ
285 2387 387 2449 ΑΖΓ
410 2406 491 2467 μετα
518 2384 579 2446 τοῦ
606 2377 670 2446 άπὸ
698 2386 767 2446 ΖΚ
794 2389 869 2448 ίσον
898 2380 987 2448 ἐστὶν
1011 2390 1057 2470 τῷ
1082 2379 1150 2448 ἀπο

133 2493 205 2553 ΑΚ
232 2488 338 2570 [Eucl.
362 2489 405 2573 ΙΙ,
435 2489 490 2570 5],
523 2482 608 2552 άλλά
640 2489 686 2576 τῷ
720 2483 786 2553 ὑπὸ
814 2493 920 2555 ΑΖΓ
949 2496 1024 2554 ίσον
1056 2488 1148 2554 ἐστὶν

133 2591 170 2659 τὸ
198 2589 263 2660 άπὸ
293 2600 374 2677 ΔΖ,
411 2591 448 2659 τὸ
482 2589 548 2677 άρα
580 2588 645 2659 άπὸ
675 2598 742 2658 ΔΖ
775 2592 855 2678 μετὰ
881 2595 943 2660 τού
972 2589 1036 2660 άπὸ
1067 2599 1148 2679 ΖΚ,

132 2698 302 2764 τουτέστιν
330 2696 368 2764 τὸ
396 2695 462 2764 άπὸ
490 2703 562 2763 ΔΚ
590 2700 694 2781 [Eucl.
717 2699 747 2785 I,
771 2701 827 2782 47]
835 2750 845 2784 ,
879 2706 954 2765 ἴσον
982 2699 1073 2767 ἐστὶν
1100 2703 1147 2790 τῷ

79 2817 114 2866 25
134 2799 198 2868 άπὸ
222 2808 306 2868 ΑΚ·
340 2810 395 2888 ίση
420 2801 485 2888 άρα
509 2802 599 2871 ἐστὶν
627 2799 743 2889 ἡΑΚ
767 2807 807 2893 τῇ
831 2810 909 2872 ΚΔ.
956 2803 1079 2892 ὁμοίως
1104 2805 1147 2891 δὴ

134 2909 297 2994 δείξομεν,
321 2903 372 2974 ὅτι
394 2908 450 2974 καὶ
473 2909 610 2996 ἑκατέρα
632 2913 700 2978 τῶν
724 2917 801 2997 ΒΚ,
821 2918 890 2978 ΒΚ
913 2920 968 2997 ίση
992 2911 1083 2978 ἐστὶν
1106 2914 1147 3000 τῇ

133 3020 204 3081 ΑΚ
225 3008 246 3099 ἢ
269 3016 309 3100 τῇ
335 3018 416 3080 ΚΓ
438 3012 564 3083 κύκλον
587 3014 653 3103 άρα
676 3016 870 3105 περιφέρειά
894 3018 984 3085 ἐστιν
1007 3014 1028 3104 η
1048 3023 1152 3084 ΑΒΓ

205 3179 229 3228 3
253 3173 391 3245 προσεκβλ
393 3175 452 3244 ηθῇ
475 3172 595 3228 Hultsch
619 3193 682 3229 cum
701 3175 822 3232 Halleio.
912 3183 938 3231 4.
964 3171 1061 3230 άελ
1029 3196 1117 3246 τημς
1119 3195 1147 3229 ε-

132 3246 227 3312 γίστης
251 3250 321 3300 ολδ.
346 3227 624 3333 κροσεκβαλλομὲνης
643 3245 697 3300 del
716 3197 1147 3335 Ηκ116μ9.άγέσθωοαν]

132 3315 187 3371 del.
207 3315 337 3371 Hultsch
425 3322 466 3370 11.
485 3316 541 3369 τῶν
559 3311 577 3370 ύ
581 3313 788 3387 φ’]εοτίμεὶ,
773 3339 816 3387 οφ
820 3316 935 3406 ’codd.‚
955 3314 997 3386 άφ
1001 3313 1146 3372 'Hultsch

133 3403 196 3439 cum
215 3386 335 3442 Halleio.
427 3337 662 3476 άποτμηθέντων]
687 3388 798 3457 scripsi,
826 3384 883 3444 άπὸ
903 3389 959 3444 τῶν
979 3388 1146 3459 τμηθέντων

130 3457 220 3526 codd„
240 3455 334 3512 αύτων
353 3456 519 3528 τμηθέντων
537 3457 658 3514 Hultsch
677 3475 740 3514 cum
758 3459 878 3515 Hallei0.
