2444 3892
412 152 626 206 CONIGORUM
644 155 753 205 LIBER
771 154 816 206 1v.
1081 151 1123 215 15

173 471 292 538 Iisdem
320 473 438 558 positis
465 475 623 558 punctum
646 476 680 535 Δ
703 471 737 536 in
761 472 880 558 angulo
902 464 1046 558 positum
1070 475 1123 560 sit,

106 579 162 663 qui
191 579 312 663 angulo
341 579 382 644 ab
412 578 608 663 asymplelis
637 578 870 661 comprehenso
898 579 1048 665 deinceps
1072 583 1122 646 est

104 685 242 769 positus.
285 684 370 768 dieo,
394 684 441 749 sic
464 704 592 768 quoque
617 683 727 749 eadem
753 681 910 748 adsidere.

174 790 310 857 dueatur
342 789 428 854 enim
462 788 658 872 contingens
688 790 768 870 ΔΘ,
801 791 834 851 et
865 788 960 853 dueta
987 794 1062 877 ΘΒ,
1095 792 1122 857 si

107 898 178 961 fieri
201 900 324 981 polest,
351 916 410 980 per
436 897 463 956 Z
492 915 532 958 ne
556 893 663 978 eadat,
689 893 745 957 sed
769 914 827 977 per
849 893 893 958 H.
938 895 1000 961 eris
1022 897 1123 982 igilur

109 1007 234 1066 AE=
249 1005 333 1084 EH3
362 1000 447 1084 quod
477 999 652 1064 absurdum
681 1003 744 1086 est3
773 999 1002 1084 supposuimus
1030 1003 1124 1087 enim,

107 1130 179 1173 esse
204 1112 236 1171 Δ
242 1111 274 1171 Ε
287 1136 328 1159 =
342 1110 414 1170 EZ.

568 1297 657 1364 VIII.

172 1441 290 1507 Iisdem
319 1441 436 1523 positis
463 1443 619 1525 punctum
647 1446 681 1505 Δ
708 1443 743 1506 in
772 1443 930 1510 alterutra
957 1449 1123 1532 asympto·

102 1552 213 1613 tarum
235 1547 379 1631 posilum
405 1547 464 1632 sil,
488 1549 521 1611 el
544 1549 651 1611 eetera
673 1548 785 1614 eadem
809 1550 885 1617 sint.

730 1656 812 1740 dieo,
828 1663 950 1724 restem
964 1662 984 1723 'a
997 1663 1119 1743 puncto

195 1765 217 1815 1
459 1765 500 1819 Js
600 1795 628 1847 Ζ
663 1765 831 1827 contaetus
865 1764 906 1828 ad
941 1769 1120 1830 extremam

663 1869 786 1930 rectam
809 1869 970 1934 abscisam
989 1869 1121 1935 ductum

664 1971 693 2034 ei
709 1975 911 2056 asymplolae
930 1975 1121 2057 parallelum

664 2097 744 2162 esse,
768 2077 802 2141 in
824 2099 888 2160 qua
910 2079 1053 2162 positum
1078 2080 1122 2144 sit

663 2187 819 2267 punctum
842 2188 884 2248 A.

730 2291 797 2355 sint
829 2290 914 2355 enim
947 2313 1001 2372 ea,
1038 2314 1120 2377 quae

664 2396 815 2480 diximus,
839 2399 872 2461 et
893 2401 1035 2483 ponatur

783 2507 847 2566 ΕΖ
863 2534 904 2556 =
921 2508 1002 2587 AE,

663 2613 696 2674 el
720 2633 739 2675 a
762 2612 791 2673 B
814 2612 922 2674 rectae
943 2612 1028 2673 MN
1045 2632 1120 2694 par-

100 2717 202 2782 allela
221 2716 365 2802 dueatur,
390 2717 418 2781 si
436 2716 507 2781 fieri
526 2719 645 2802 potest,
673 2720 749 2781 BH.
785 2716 894 2802 itaque
913 2720 946 2779 A
951 2719 982 2779 E
995 2745 1037 2767 =
1051 2719 1125 2780 ΕΗ

99 2822 179 2906 [HL
213 2823 283 2906 34];
325 2823 410 2906 quod
447 2823 624 2888 absurdum
660 2826 723 2909 esl3
760 2821 989 2907 supposuimus
1026 2824 1120 2907 enim,

99 2951 172 2994 esse
196 2932 267 2992 ΔΕ
280 2959 321 2981 =
336 2932 408 2993 ΕΖ.

582 3121 638 3187 ΙΧ.

170 3263 204 3329 Si
229 3266 269 3330 ab
289 3264 400 3330 eodem
419 3267 540 3348 puncto
560 3263 642 3328 duae
660 3267 768 3330 rectae
787 3264 946 3330 ducuntur
964 3263 1037 3329 coni
1056 3286 1119 3332 see·
1142 3339 1147 3348 ¹

100 3370 229 3437 tionem
261 3372 313 3436 uel
346 3393 456 3437 areum
489 3370 602 3436 circuli
636 3371 783 3456 singulae
814 3371 849 3434 in
876 3370 961 3436 binis
988 3374 1117 3457 punctis

102 3481 266 3564 secantes,
290 3480 322 3542 et
344 3480 381 3542 ul
403 3485 492 3543 totae
516 3498 551 3542 se
574 3476 696 3543 habent
720 3477 760 3541 ad
785 3482 895 3561 partes
918 3477 1119 3545 extrinsecus
