2444 3892
215 188 218 194 '
253 184 403 236 EUTOCII
422 182 685 236 COMMENTARIA
703 183 742 236 IN
761 182 904 237 comen.
1013 181 1078 245 227

64 331 133 394 ΒΓ
152 333 285 414 propter
309 328 486 393 sectionem
509 328 544 391 in
566 327 731 391 infinitum
753 348 909 411 crescere,
937 327 1021 392 sicut
1044 328 1080 392 in

63 435 285 521 propositione
322 439 439 500 octaua
471 434 730 498 demonstratum
762 437 824 517 est,
862 437 929 497 BA
961 437 1080 518 autem,

64 565 147 627 quae
177 543 235 607 sub
265 542 386 626 angulo
416 541 573 605 exteriore
601 540 758 624 trianguli
781 562 838 624 per
862 562 954 605 axem
978 541 1078 623 positi

651 646 840 730 subtendat,
869 647 1079 712 terminatam

652 774 730 817 esse.
778 752 840 816 hae
864 753 965 837 igitur
988 754 1022 817 in
1051 758 1079 816 Z

650 859 686 923 in
701 859 780 923 duas
795 862 905 943 partes
926 859 1078 942 aequales

651 965 766 1050 diuisa,
781 966 821 1031 ab
836 970 869 1029 Α
884 968 992 1029 autem
1007 970 1038 1029 A
1043 967 1084 1028 H

651 1070 798 1136 ordinate
814 1071 911 1137 ducta
930 1075 962 1137 εὴ
976 1093 1033 1155 per
1050 1076 1078 1134 Z

593 1202 596 1206 ⁴
650 1181 758 1242 rectae
799 1181 880 1240 ΑΗ
922 1178 1078 1261 parallela

652 1283 749 1348 dueta
768 1288 869 1348 ΘΖΚ
891 1288 923 1347 εὴ
948 1286 1078 1367 sumpta

652 1392 713 1454 ΘΖ
738 1393 845 1454 rectae
865 1394 932 1454 ZK
951 1390 1078 1474 aequali

650 1499 882 1581 praetereaque
906 1501 1035 1581 sumpto

680 1599 764 1667 (W
779 1632 821 1654 =
837 1607 903 1666 AB
916 1618 959 1670 ><
974 1606 1051 1687 BE,

61 1708 254 1773 habebimus
287 1708 425 1773 alteram
459 1707 653 1773 diametrum
680 1712 756 1775 ΘΚ.
800 1709 863 1774 hoc
893 1711 978 1773 enim
1007 1709 1079 1774 fieri

60 1815 275 1899 potest‚‘quia
288 1817 364 1898 ΘΚ,
385 1836 466 1898 quae
486 1817 578 1879 extra
596 1816 771 1880 sectionem
788 1820 846 1900 est,
864 1816 899 1878 in
913 1815 1078 1880 infinitum

61 1920 196 2005 produci
219 1923 339 2005 potest,
362 1926 395 1986 et
417 1921 493 2005 quia
517 1921 557 1985 ab
581 1921 711 1985 infinita
732 1925 823 1986 recta
840 1925 963 1985 rectam
982 1921 1077 1985 datae

61 2029 231 2111 aequalem
268 2027 455 2092 abscindere
492 2048 674 2110 possumus.
730 2031 757 2090 Z
789 2028 897 2091 autem
931 2030 1077 2092 centrum

63 2137 162 2200 uocat
185 2137 217 2198 et
240 2138 300 2198 ΖΒ
324 2155 451 2218 easque,
476 2155 557 2217 quae
583 2131 733 2197 similiter
756 2153 776 2196 a
796 2136 823 2195 Z
842 2131 882 2197 ad
902 2133 1077 2197 sectionem

61 2240 235 2326 ducuntur,
257 2240 375 2305 radios.

129 2347 209 2412 haec
229 2347 358 2432 quidem
376 2345 410 2409 in
429 2345 609 2430 hyperbole
629 2345 865 2431 oppositisque;
887 2348 919 2410 et
933 2345 1077 2431 adparet,

60 2456 234 2537 utrumque
258 2452 452 2517 diametrum
473 2453 682 2516 terminatam
703 2473 780 2534 esse,
803 2452 945 2535 priorem
965 2453 1078 2517 statim

60 2582 101 2625 ex
130 2559 255 2645 origine
284 2558 451 2642 sectionis,
480 2558 616 2623 alteram
644 2561 768 2643 autem,
795 2557 880 2642 quod
904 2559 1010 2623 media
1033 2558 1078 2623 sit

60 2665 316 2751 proportionalis
339 2665 426 2730 inter
444 2667 549 2730 rectus
568 2665 768 2744 terminatas,
792 2666 933 2749 priorem
954 2665 1078 2730 scilicet

60 2772 256 2837 diametrum
279 2775 312 2836 et
334 2775 554 2855 parametrum
578 2775 740 2836 rectarum
762 2772 802 2837 ad
820 2772 911 2836 illam
930 2771 1077 2835 ordinate

60 2877 239 2944 ductarum.

128 2985 162 3050 in
178 2985 285 3069 ellipsi
299 3007 376 3051 uero
390 2984 534 3050 nondum
549 2988 677 3050 constat
686 2985 900 3069 propositum.
925 2984 1076 3070 quoniam

61 3090 148 3154 enim
178 3089 262 3156 sicut
289 3090 429 3156 circulus
457 3092 490 3154 in
520 3112 553 3155 se
582 3091 731 3175 recurrit,
761 3112 871 3155 omnes
900 3090 1076 3154 diametros

61 3196 150 3262 intra
175 3217 209 3260 sc
233 3196 475 3280 comprehendit
499 3201 531 3262 εὴ
555 3197 761 3280 determinat3
788 3218 887 3282 quare
910 3195 946 3259 in
969 3195 1077 3279 ellipsi

62 3302 169 3367 media
194 3303 277 3367 inter
300 3304 403 3368 latera
427 3303 550 3388 figurae
572 3301 825 3387 proportionalis
849 3324 906 3386 per
930 3305 1076 3366 centrum

64 3409 216 3476 sectionis
241 3409 338 3474 ducta
361 3415 394 3475 et
417 3431 436 3473 a
459 3409 617 3474 diametro
642 3410 675 3474 in
699 3409 778 3474 duas
797 3413 904 3493 partes
925 3408 1075 3494 aequales

64 3519 152 3581 secta
169 3538 238 3582 non
257 3538 383 3600 semper
402 3538 422 3581 a
441 3517 585 3583 sectione
604 3515 847 3583 determinatur.
879 3516 949 3581 fieri
968 3520 1076 3589 autem

866 3619 922 3674 rs*
