2444 3892
146 119 210 184 178
430 119 693 172 οοιιιοοανειιιε
710 117 880 181 mmm.

146 259 191 329 τά
219 261 323 349 παρά
351 257 417 339 τὰς
446 260 684 348 διαμέτρους
709 258 775 326 καὶ
799 257 891 338 τοὺς
914 259 1061 340 ἄξονας
1083 271 1168 328 τῶν

145 371 276 455 τομῶν
301 371 575 452 συμβαίνοντα
601 365 666 433 καί
694 366 763 444 τὰς
785 362 1071 452 άσνμπτῶτονς
1097 367 1168 434 καὶ

145 472 245 541 άλλα
276 471 442 559 γενικὴν
473 470 539 539 καί
572 468 795 558 ἀναγκαίαν
827 477 965 560 χρείαν
994 471 1167 560 παρεχό-

145 605 243 666 μενα
271 576 370 667 πρὸς
396 575 489 658 τοὺς
513 577 758 664 διορισμούς.
805 574 823 645 ὃ
848 576 885 646 δὲ
909 580 1087 664 διορισμὸς
1111 577 1169 648 ὅτι

113 702 128 750 5
149 689 289 765 διπλοῦς
314 688 399 771 ἐστι,
426 690 530 753 παντί
549 709 615 752 που
639 687 759 771 δῆλον,
788 681 892 772 ὁμέν
920 684 1000 771 μετὰ
1024 684 1087 771 τὴν
1113 691 1166 753 έκ-

146 802 247 860 θεσιν
276 792 482 879 έφιστάνων,
514 797 551 858 τί
578 797 646 858 ἔστι
672 789 710 858 τὸ
735 791 953 877 ζητούμενον,
988 788 1006 858 ὃ
1033 791 1072 859 δὲ
1099 789 1168 878 τὴν

145 898 310 987 πρότασιν
339 896 381 967 οὐ
410 902 595 984 συγχωρῶν
622 896 809 984 καθολικὴν
837 895 940 983 εἶναι,
972 899 1082 983 λέγων
1113 901 1166 986 δέ,

146 1005 226 1072 πότε
249 1005 305 1072 καὶ
327 1009 397 1084 πῶς
420 1005 476 1072 καὶ
498 1008 655 1091 ποσαχῶς
678 1003 826 1072 δυνατὸν
846 1008 1009 1090 συστῆναι
1025 1002 1065 1072 τὸ
1084 1031 1168 1094 προ-

146 1111 338 1198 τιθέμενον,
362 1105 434 1189 οἷός
453 1111 543 1176 ἐστιν
563 1108 581 1176 ὁ
601 1111 638 1176 έν
656 1114 701 1200 τῶ
718 1113 855 1202 εἰκοστῷ
871 1111 1015 1197 δευτέρῳ
1030 1111 1168 1200 θεωρή-

95 1234 128 1282 10
147 1245 225 1305 ματι
243 1221 304 1285 τοῦ
322 1216 458 1302 πρῶτον
476 1221 611 1301 βιβλίου
628 1218 687 1301 τῆς
705 1212 893 1284 Εὐκλείδου
912 1216 1167 1303 στοιχειῶσεῶς·

148 1327 183 1392 ἐκ
206 1327 309 1411 τριῶν
333 1321 490 1407 εὐθειῶν,
514 1326 552 1389 αἴ
572 1326 659 1389 είσιν
682 1330 752 1389 λσαι
775 1322 863 1408 τρισὶ
886 1336 958 1401 ταῖς
977 1325 1166 1410 δοθείσαις,

146 1435 313 1516 τρίγωνον
340 1428 586 1515 συστήσασθαι·
620 1432 674 1495 δεῖ
703 1426 745 1515 δὴ
777 1429 836 1508 τὰς
865 1428 927 1496 δύο
955 1433 1014 1515 τῆς
1042 1435 1165 1516 λοιπῆς

147 1541 301 1621 μείζονας
333 1533 420 1602 εἶναι
447 1534 554 1622 πάντη
583 1535 934 1621 μεταλαμβανομένας,
967 1533 1081 1621 ἐπειδὴ
1113 1537 1167 1604 δέ-

148 1645 288 1724 δεικται,
328 1637 378 1707 ότι
412 1638 537 1719 παντὸς
567 1639 735 1728 τριγῶνον
767 1643 805 1707 αί
835 1639 898 1708 δύο
930 1643 1072 1728 πλευραὶ
1106 1646 1165 1728 της

94 1763 128 1812 15
147 1751 264 1831 λοιπῆς
286 1747 432 1832 μείζονές
456 1751 520 1814 είσι
546 1746 654 1836 πάντη
678 1747 1021 1835 μεταλαμβανόμεναι.
1062 1749 1102 1816 τὸ
1128 1749 1164 1816 δὲ

147 1858 261 1939 τρίτον
279 1856 347 1920 τῶν
361 1858 515 1922 κυνικῶν
530 1856 693 1942 περιέχειν
712 1855 795 1940 φησὶ
813 1851 938 1921 πολλὰ
957 1854 1021 1921 καὶ
1041 1855 1166 1940 παρά-

148 1961 243 2040 δοξα
271 1960 509 2048 θεωρήματα
537 1961 708 2049 χρήσιμα
731 1962 827 2047 πρὸς
855 1960 922 2041 τὰς
947 1962 1164 2039 συνθέσεις

147 2071 223 2134 τῶν
253 2072 422 2154 στερεῶν
450 2068 589 2137 τόπων.
636 2071 812 2147 ἐπιπέδους
839 2067 962 2146 τόπους
989 2071 1069 2146 έθος
1092 2081 1164 2147 τοῖς

147 2181 300 2252 παλαιοῖς
322 2176 522 2261 μεωμέτραις
545 2178 669 2261 λέγειν,
698 2173 781 2241 όταν
804 2176 857 2243 ἐπὶ
880 2185 948 2242 τῶν
972 2173 1165 2261 προβλημά-

94 2296 128 2344 20
146 2307 215 2346 τῶν
239 2279 303 2348 οὐκ
325 2279 385 2367 ὐφ’
408 2280 483 2360 ἑνὸς
505 2286 645 2366 σημείου
665 2279 784 2367 μόνον,
809 2279 882 2349 ἀλλ’
905 2279 970 2348 άπὸ
994 2279 1165 2348 πλειόνων

147 2390 276 2470 γίνεται
299 2384 336 2452 τὸ
360 2386 547 2474 πρόβλημα,
571 2381 645 2453 οἷον
669 2390 700 2452 εί
722 2386 865 2466 ἐπιτάξει
883 2413 933 2466 τις
952 2385 1087 2465 εὐθείας
1107 2392 1164 2455 δο-

147 2496 266 2578 θείσης
297 2494 546 2579 πεπερασμένης
577 2489 690 2577 εὑρεῖν
722 2517 754 2559 τι
787 2506 944 2576 σημεῖον,
979 2489 1039 2578 ἀφ’
1072 2484 1114 2560 οὗ
1142 2486 1164 2580 ἡ

147 2596 292 2683 άχθεῖσα
323 2596 466 2675 κάθετος
502 2597 554 2662 ἐπὶ
586 2593 648 2682 την
681 2600 843 2663 δοθεῖσαν
875 2599 958 2682 μέση
991 2596 1164 2685 άνάλογον

147 2710 275 2788 γίνεται
302 2707 370 2769 τῶν
397 2703 591 2789 τμημάτων,
622 2702 725 2770 τόπον
753 2704 895 2769 καλοῦσι
924 2705 960 2771 τὸ
991 2709 1163 2773 τοιοῦτον·

94 2822 129 2872 25
149 2808 191 2874 οὐ
209 2807 319 2893 μόνον
337 2806 401 2893 γάρ
421 2811 458 2874 ἓν
477 2810 616 2895 σημεῖόν
631 2811 700 2876 ἐστι
718 2807 755 2876 τὸ
775 2812 898 2877 ποιοῦν
917 2808 954 2877 τὸ
974 2809 1163 2898 πρόβλημα,

147 2911 233 2980 άλλδι
256 2911 358 2991 τόπος
381 2910 469 2996 ὅλος,
493 2910 534 2980 ὃν
557 2919 622 3000 ἔχει
646 2912 666 3000 ἡ
690 2917 885 3002 περιφέρεια
907 2919 969 2983 τοῦ
991 2917 1066 3002 περὶ
1090 2916 1165 2985 διά-

148 3044 270 3106 μετρον
298 3016 360 3103 τὴν
389 3022 551 3088 δοθεῖσαν
580 3019 719 3089 εὐθεῖαν
746 3022 881 3090 κάκλον.
928 3021 988 3089 έδιν
1015 3020 1080 3109 γάρ
1110 3024 1165 3091 ἐπὶ

146 3129 205 3212 τῆς
231 3129 390 3210 δοθείσης
413 3122 548 3205 εὐθείας
570 3124 769 3213 ἡμικύκλιον
791 3132 917 3216 γραφῇ,
941 3126 1021 3213 ὅπερ
1045 3128 1089 3196 δν
1109 3131 1164 3198 ἐπὶ

146 3236 205 3318 τῆς
227 3238 439 3319 περιφερείας
457 3232 561 3321 λάβης
580 3247 719 3318 σημεῖον
742 3234 798 3301 καὶ
817 3231 873 3300 ἀπ’
891 3233 996 3301 αὐτοῦ
1014 3234 1164 3303 κάθετον

146 3341 360 3354 ..ῃ-

219 3400 243 3447 6.
264 3392 340 3448 ἔστιν
358 3393 403 3449 W.
495 3399 520 3449 9.
545 3390 654 3446 είκοσιο
673 3392 717 3447 W.
811 3399 853 3449 11.
872 3395 961 3462 τρισίν
980 3393 1025 3450 W.
1118 3401 1161 3451 15.

147 3461 219 3518 εἰσιν
238 3463 283 3519 W.
358 3471 398 3520 16.
421 3470 507 3534 φησίν
521 3465 566 3519 W.
639 3470 682 3519 22.
701 3483 773 3519 πε-
792 3463 822 3518 in
840 3482 895 3534 mg.
910 3466 1013 3520 transit
1030 3466 1161 3521 m.1W.
