2444 3892
410 157 624 211 corucoRUM
642 159 751 210 LIBER
768 159 814 212 IV.
1093 158 1113 220 9

588 335 630 401 Π.

169 460 259 527 Haeo
288 461 417 548 quidem
444 461 659 526 communiter
686 461 721 524 in
745 460 894 526 omnibus
918 460 1115 527 sectionibus

100 568 370 651 demonstrantur,
393 569 428 632 in
451 568 631 654 hyperbole
654 573 763 633 autem
787 566 858 632 sole
879 567 994 633 hocce:

170 674 197 739 si
213 679 246 738 A
251 679 279 738 B
299 675 470 759 contingit,
490 677 560 738 ΔΓ
575 677 683 738 eutem
702 674 736 737 in
755 672 879 738 duobus
893 675 1021 757 punctis
1036 679 1074 758 Ε,
1088 676 1121 737 Γ

101 784 199 864 secat,
218 785 251 845 et
264 785 386 864 puncta
400 783 480 866 Ε,Γ
494 783 651 863 punctum
667 782 834 844 contectus
847 783 874 843 Β
890 781 1066 866 continent,
1084 783 1117 844 et

100 890 258 970 punctum
278 891 311 950 A
333 886 422 951 intra
446 887 603 970 angulum
627 886 668 950 ab
692 886 887 968 asymptotis
910 885 1117 969 comprehen-

102 1014 175 1056 sum
207 992 352 1075 positum
385 994 447 1076 est,
479 991 714 1056 demonstratio
742 990 890 1056 similiter
918 991 1118 1074 conficietur,

101 1119 178 1160 nem
205 1097 276 1162 fieri
303 1100 425 1182 potest,
453 1101 490 1162 ut
516 1120 535 1162 a
558 1101 592 1160 A
618 1101 739 1182 puncto
767 1097 865 1162 aliam
892 1099 1014 1162 rectam
1046 1117 1118 1160 con-

101 1204 285 1287 tingentem
305 1208 375 1267 AA
399 1205 551 1269 ducamus
576 1213 608 1270 et
630 1204 788 1289 reliquam
807 1203 1118 1269 demonstrationem

100 1311 251 1375 similiter
274 1311 492 1376 conficiamus.

580 1471 638 1536 ΙΙΙ.

167 1596 285 1660 lisdem
309 1596 426 1680 positis
452 1599 572 1680 puncta
601 1600 639 1682 E,
658 1597 689 1660 Γ
712 1599 869 1682 punctum
895 1598 1062 1661 contactus
1087 1600 1115 1659 Β

686 1703 771 1766 inter
795 1724 828 1767 se
854 1723 894 1766 ne
918 1703 1116 1785 contineant,

687 1811 841 1889 punctum
857 1812 967 1873 autem
982 1812 1015 1871 A
1028 1809 1116 1872 intra

688 1913 843 1997 angulum
864 1913 904 1976 ab
923 1914 1116 1996 asymptotis

689 2018 956 2102 comprehensum
974 2018 1117 2101 positum

689 2125 740 2191 sit.
783 2124 892 2206 itaque
911 2124 981 2188 fieri
999 2128 1119 2209 potest,

687 2235 724 2295 ut
756 2252 775 2294 u
804 2234 838 2293 A
869 2229 966 2295 aliam
994 2231 1117 2296 contin-

513 2395 524 2413 ,
689 2339 820 2422 gentem
836 2334 987 2403 ducemus
1002 2343 1069 2402 ΔΑ
1084 2342 1117 2402 et

379 2398 646 2586 NQF
687 2443 812 2529 reliqua
826 2443 976 2510 similiter
985 2445 1117 2509 demon·

488 2538 493 2547 ¹
690 2554 838 2615 stremus.

578 2727 636 2794 IV.

170 2853 291 2918 lisdem
314 2851 431 2935 positis
455 2852 483 2915 si
506 2853 629 2934 puncta
652 2872 825 2916 concursus
848 2855 887 2935 E,
911 2854 944 2915 Γ
961 2853 1118 2936 puuctum

100 2963 270 3027 contactus
295 2963 323 3022 B
352 2957 532 3043 continent,
562 2962 594 3021 A
623 2960 730 3022 autem
758 2960 915 3042 punctum
939 2959 973 3022 in
998 2959 1117 3042 angulo

98 3066 246 3152 positum
274 3067 338 3148 est,
366 3063 421 3148 qui
445 3063 563 3148 angulo
592 3064 633 3128 ab
662 3065 857 3148 asymptotis
886 3063 1117 3148 comprehenso

102 3172 253 3256 deinceps
289 3171 416 3257 positus
449 3173 512 3253 est,
549 3172 638 3235 recta
671 3192 689 3233 a
721 3174 842 3253 puncto
876 3173 1044 3237 contactus
1077 3173 1117 3237 ad

100 3282 258 3365 punctum
286 3277 455 3343 diuisionis
483 3277 579 3341 ducta
607 3298 679 3341 cum
703 3278 844 3343 sectione
869 3278 1020 3363 opposita
1042 3301 1116 3345 con·

103 3388 224 3471 curret,
252 3389 285 3450 et
311 3388 399 3450 recta
427 3406 446 3448 u
474 3387 596 3468 puncto
619 3383 793 3449 concursus
812 3385 908 3450 ducta
932 3387 1117 3471 oppositam

103 3492 280 3577 continget.
