2444 3892
406 152 620 206 corneorum
637 154 747 204 nnana
764 154 811 208 1v.
1071 153 1115 218 65

548 364 665 430 XLIII.

167 505 201 571 si
228 507 409 592 hyperbole
436 511 606 592 utramque
636 506 821 591 oppositam
848 507 883 572 in
906 508 990 574 binis
1014 531 1115 593 punc-

98 614 141 677 tis
171 617 259 678 secat
281 617 409 698 partem
432 636 610 680 connexam
635 614 764 697 utrique
788 612 958 679 aduersam
980 615 1115 699 habens,

99 720 200 784 sectio
243 721 272 784 ei
310 721 460 804 opposita
502 742 575 784 cum
617 722 734 784 neutra
775 719 997 803 oppositarum
1038 743 1115 787 con-

99 830 213 891 curret.

168 951 235 1015 sint
258 949 429 1034 oppositae
453 954 498 1033 A,
517 953 559 1033 B,
583 952 615 1014 et
638 949 818 1033 hyperboia
841 951 973 1013 ΓΑΒΛ
995 952 1115 1013 utram·

99 1077 161 1140 que
195 1060 239 1135 A,
262 1060 291 1119 B
325 1057 411 1120 secet
442 1055 476 1119 in
507 1055 592 1120 binis
625 1055 753 1139 punctis
781 1057 908 1138 partem
936 1076 1116 1120 conuexam

101 1161 271 1225 aduersam
299 1161 431 1226 habens.
478 1161 563 1246 dico,
592 1162 768 1227 sectionem
791 1162 820 1226 ei
844 1161 1030 1246 oppositam
1053 1164 1117 1224 ΕΖ

100 1289 173 1331 cum
196 1270 311 1332 neutra
335 1267 514 1334 sectionum
537 1274 582 1353 A,
600 1273 629 1332 Β
654 1290 852 1334 concurrere.

165 1413 242 1455 nam
266 1391 294 1455 si
316 1391 387 1455 fieri
409 1394 527 1475 potest,
551 1412 624 1455 cum
643 1396 675 1455 A
693 1391 727 1454 in
745 1395 778 1454 E
794 1396 974 1476 concurrat,
998 1392 1116 1456 ducan-

97 1501 214 1580 turque
229 1499 298 1580 ΓΑ,
312 1501 345 1559 Δ
351 1500 378 1560 Β
398 1500 431 1561 et
449 1499 679 1582 producantur5
699 1500 894 1563 concurrent
911 1497 1012 1583 igitur
1030 1497 1117 1562 inter

99 1625 134 1667 se
159 1602 218 1687 [IL
242 1602 309 1682 25].
356 1606 551 1668 concurrant
572 1604 607 1666 in
630 1607 671 1687 Θ;
695 1607 724 1667 Θ
746 1604 848 1688 igitur
871 1603 906 1668 in
930 1603 1049 1688 angulo
1073 1603 1115 1668 ab

100 1709 297 1792 asymptotis
318 1709 466 1773 sectionis
485 1711 618 1772 ΓΑΒΛ
637 1711 870 1794 comprehenso
889 1711 1033 1794 positum
1053 1711 1116 1775 erit

99 1815 156 1899 [IL
180 1814 247 1894 25].
285 1817 317 1879 et
341 1814 440 1880 sectio
465 1815 533 1879 eius
557 1816 710 1899 opposita
729 1819 777 1880 est
795 1821 873 1898 EZ3
896 1817 1007 1900 itaque
1026 1818 1116 1880 recta

100 1921 141 1985 ab
169 1925 202 1984 E
228 1919 268 1985 ad
296 1924 325 1984 Θ
352 1920 449 1985 ducta
476 1921 564 1984 intra
594 1920 748 2004 angulum
776 1921 817 1984 ab
847 1924 923 2004 ΑΘ,
941 1925 1003 1985 ΘΒ
1031 1941 1115 1984 com·

99 2027 296 2111 prehensum
329 2026 430 2092 cadet.
481 2046 593 2089 rursus
627 2023 780 2107 quonium
807 2027 905 2087 ΓΑΕ
935 2024 1116 2108 hyperbole

100 2135 159 2216 est,
182 2135 214 2196 et
234 2135 333 2211 ΓΑΘ,
353 2137 418 2196 ΘΕ
440 2133 646 2214 concurrunt,
668 2132 788 2212 puncta
811 2131 919 2193 autem
944 2150 1116 2195 concursus

100 2241 137 2322 Γ,
153 2244 183 2302 Α
200 2243 355 2321 punctum
371 2242 402 2300 Ε
418 2259 486 2301 non
503 2236 679 2319 continent,
697 2237 854 2319 punctum
869 2238 897 2298 Θ
910 2234 997 2299 intra
1012 2257 1117 2318 asym-

98 2347 209 2428 ptotas
239 2344 392 2409 sectionis
421 2345 518 2407 ΓΑΕ
543 2342 686 2426 positum
715 2337 818 2427 erit)
864 2343 897 2405 et
921 2345 989 2404 ΒΔ
1016 2342 1115 2407 sectio

99 2451 169 2515 eius
194 2451 346 2534 opposita
369 2452 433 2534 est3
457 2449 567 2532 itaque
590 2452 680 2513 recta
703 2470 722 2512 a
745 2452 772 2511 B
798 2447 838 2512 ad
857 2451 885 2511 Θ
907 2447 1004 2512 ducta
1027 2449 1117 2514 intra

100 2557 257 2642 angulum
279 2559 376 2620 ΓΘΕ
393 2555 499 2639 cadet3
523 2554 608 2638 quod
628 2554 801 2618 absurdum
821 2556 883 2638 est3
906 2575 982 2618 nam
1006 2553 1117 2619 eadem

100 2664 136 2727 in
164 2664 319 2747 angulum
343 2666 440 2726 ΑΘΒ
471 2661 615 2725 cadebat.
667 2681 744 2745 ergo
768 2664 827 2724 ΕΖ
855 2682 928 2724 cum
957 2661 1116 2725 alterutra

102 2769 282 2834 sectionum
307 2773 352 2852 A,
371 2773 399 2832 B
422 2790 489 2832 non
513 2771 689 2832 concurret.

175 3068 201 3135 1)
219 3066 279 3121 Hoc
299 3083 333 3120 ex
351 3065 385 3134 11,
406 3071 439 3120 25
459 3066 520 3119 tum
539 3065 652 3120 demum
670 3082 769 3120 uerum
788 3068 873 3132 esset,
895 3065 920 3119 si
941 3066 996 3119 ΘΕ
1016 3063 1116 3119 sectio·

101 3154 168 3192 nem
188 3144 209 3190 A
216 3140 240 3190 E
260 3139 310 3191 aut
328 3137 506 3205 contingeret
524 3137 621 3191 autin
640 3138 747 3192 duobus
766 3134 879 3207 punctis
900 3138 1021 3204 secaret,
1041 3136 1117 3205 quod

99 3225 178 3262 nunc
192 3224 249 3288 non
260 3209 378 3262 constat.
407 3209 596 3276 praeteream
611 3207 864 3290 sequentibusflsins
876 3206 1116 3290 demonstratione

102 3283 290 3430 titttim'r
305 3281 777 3418 ttffidttttstferrat?
793 3280 1117 3430 suntuna:

100 3421 283 3546 ἲὲἒᾶέἰὴιωε,
306 3438 370 3490 pars
394 3437 458 3475 oum
482 3420 684 3477 Commandino
709 3423 738 3476 et
755 3420 868 3476 Hallero
893 3420 1030 3478 uiolenter
1054 3423 1119 3476 ma'-

156 3590 345 3642 Apollonius,
364 3591 398 3632 ed.
413 3592 520 3642 Heibsrg.
541 3592 572 3632 H.
939 3586 953 3634 5
