2444 3892
123 138 187 203 158
403 133 666 188 COMMENTARIA
683 129 853 194 ANTIQUA.

122 280 178 346 καὶ
202 277 321 363 ὅμοιον
343 282 381 346 τὸ
400 281 504 343 ΑΒΓ
521 280 688 362 τρίγωνον
711 275 756 362 τῷ
776 275 877 337 ΔΕΖ
899 266 1070 360 τριγώνῳ,
1095 266 1147 337 ὅτι

122 387 177 453 καὶ
200 388 237 452 τὸ
261 389 371 450 ΑΒΗ
389 388 557 470 τρίγωνον
578 383 624 471 τῷ
651 383 756 447 ΔΕΘ
778 373 932 467 τριγώνῳ
958 372 1093 462 ὅμοιον.

191 541 248 609 ια’.
280 537 389 608 Ἐστω
424 539 486 608 δύο
517 539 617 627 ὅμοια
644 543 791 628 τρίγωνα
923 510 957 562 Α

122 647 163 716 τὰ
183 652 293 732 ΑΒΓ,
309 654 421 733 ΔΕΖ,
444 647 500 715 καὶ
522 647 661 714 κάθετοι
680 643 791 732 ηχθω

88 774 188 822 σσαν
212 756 250 821 αἱ
270 759 352 838 ΑΗ
370 761 451 820 ΔΘ·
485 779 536 821 οτι
560 748 709 836 ἐστίν,
686 778 732 831 ως
753 755 791 819 τὸ
819 762 849 812 B
917 801 949 848 II
987 760 1019 810 Γ
1058 744 1088 794 Δ

123 858 189 930 ὑπὸ
209 865 316 927 ΒΗΓ
333 864 416 945 πρὸς
437 862 474 926 τὸ
496 856 561 926 άπὸ
580 865 661 942 ΑΗ,
686 856 792 938 οὕτως
993 802 1101 974 A

123 972 161 1036 τὸ
193 964 259 1036 ὑπὸ
288 973 384 1033 ΕΘΖ
411 964 497 1051 πρὸς
519 965 556 1031 τό
582 962 646 1034 άτιὸ
672 971 747 1032 ΘΛ.
962 939 994 988 E
1046 979 1068 1030 θ
1102 939 1129 986 Z

192 1076 291 1142 τοῦτο
321 1070 358 1138 δὲ
386 1068 552 1157 φανερόν,
586 1067 637 1137 ὅτι
666 1067 785 1156 ὅμοιον
817 1074 945 1157 γίνεται
979 1084 1050 1150 τοῖς
1077 1069 1140 1157 πρὸ

126 1205 241 1247 αυτον.

74 1358 107 1406 10
196 1337 252 1423 ιβ’.
277 1335 387 1403 Ἐστω
413 1343 467 1422 ἴση
491 1332 512 1421 ἡ
536 1334 645 1420 μὲνΒ
668 1342 775 1421 γωνία
798 1345 838 1424 τῇ
863 1342 903 1421 Ε,
927 1333 1081 1403 ἐλάσσων
1106 1335 1142 1403 δὲ

125 1442 146 1530 ἡ
166 1453 198 1510 A
220 1447 278 1529 τῆς
298 1450 343 1509 Δ·
367 1439 420 1510 ὅτι
442 1438 463 1527 ἡ
483 1447 544 1509 ΓΒ
567 1440 652 1528 πρὸς
669 1447 736 1508 BA
760 1445 926 1510 ἐλάσσονα
948 1439 1055 1526 λόγον
1076 1446 1141 1528 ἔχει

125 1547 208 1635 ἥπερ
232 1546 253 1634 ἡ
278 1555 343 1614 ΖΕ
362 1549 446 1635 πρὸς
467 1555 544 1614 ΕΔ.

194 1654 264 1720 ἐπεὶ
300 1650 365 1740 γάρ
401 1652 554 1721 ἐλάσσων
590 1650 611 1740 ἡ
647 1662 680 1720 A
715 1660 822 1742 γωνία
1000 1633 1041 1682 Α

125 1763 183 1846 τῆς
212 1767 260 1844 Δ,
289 1757 480 1827 συνεστάτω
508 1759 593 1849 αὐτῇ
622 1769 678 1847 ἴση
706 1759 727 1847 ἡ
754 1760 821 1830 ὑπὸ
897 1688 1038 1933 Δ

75 1883 107 1933 15
127 1872 250 1934 ΕΔΗ·
289 1870 379 1934 ἔστιν
412 1863 493 1954 ἄρα,
526 1862 572 1946 ὡς
601 1863 622 1954 ἡ
652 1873 712 1934 ΓΒ
740 1866 823 1956 πρὸς
861 1903 893 1957 ι

127 1981 209 2059 ΒΑ,
239 1970 344 2053 οὕτως
371 1970 489 2060 ἡΕΗ
511 1970 595 2060 πρὸς
622 1980 690 2040 ΕΔ
719 1976 822 2059 [Eucl.
1037 1954 1068 2000 A

127 2082 183 2168 VI,
207 2085 253 2165 4].
298 2077 383 2149 άλλά
412 2081 466 2147 καὶ
495 2077 515 2165 ἡ
544 2082 617 2147 ΕΗ
644 2079 728 2168 πρὸς
754 2086 823 2146 EA

127 2186 293 2254 ἐλάσσονά
333 2185 438 2271 λόγον
477 2191 543 2271 ἔχει
579 2183 663 2275 ἤπερ
701 2183 721 2271 ἡ
760 2192 825 2252 ΖΕ
876 1999 1135 2320 ΕΔΖ

127 2294 211 2380 πρὸς
229 2300 299 2359 EA
319 2295 421 2378 [Eucl.
436 2293 475 2376 V,
491 2293 539 2374 8]·
562 2290 617 2356 καὶ
635 2287 656 2376 ἡ
672 2296 732 2357 ΓΒ
757 2289 822 2378 ἄρα

74 2417 108 2464 20
126 2397 211 2486 πρὸς
234 2397 296 2483 τὴν
319 2404 386 2465 BA
414 2393 580 2463 ἐλάσσονα
603 2395 707 2481 λόγον
731 2402 796 2484 ἔχει
820 2398 903 2487 ἥπερ
926 2398 947 2486 ἡ
971 2409 1038 2468 ΖΕ
1061 2402 1145 2488 πρὸς

126 2505 189 2589 τὴν
212 2511 288 2570 ΕΔ.
334 2504 389 2570 καὶ
416 2500 524 2569 πάντα
553 2499 590 2567 δὲ
617 2502 657 2569 τὰ
684 2508 823 2572 τοιαῦτα
850 2511 891 2595 τῇ
919 2506 1003 2596 αὐτῇ
1027 2507 1144 2597 ἀγωγῇ

128 2611 288 2695 δείξομεν.

196 2764 253 2850 ιγ’.
280 2762 405 2848 Ἔστω,
439 2760 485 2842 ὡς
511 2760 549 2831 τὸ
577 2760 642 2832 ὑπὸ
668 2772 775 2835 ΒΗΓ
801 2769 886 2856 πρὸς
908 2773 945 2840 τὸ
971 2769 1035 2839 άπὸ
1061 2780 1144 2857 ΑΗ,

129 2870 235 2950 οὕτως
257 2866 295 2936 τὸ
316 2864 383 2935 ὑπὸ
404 2874 501 2935 ΕΘΖ
523 2870 609 2957 πρὸς
630 2872 668 2939 τὸ
693 2870 757 2942 άτιο
779 2883 855 2961 ΔΘ,
879 2878 935 2944 καὶ
953 2875 974 2964 ἡ
993 2877 1055 2964 μὲν
1075 2884 1146 2945 ΒΗ

75 2998 109 3046 25
128 2982 167 3068 τῇ
187 2982 260 3044 ΗΓ
278 2978 361 3042 ἔστω
381 2982 447 3060 ἴση,
472 2972 493 3060 ἡ
513 2974 549 3042 δὲ
567 2983 640 3044 ΓΗ
656 2979 742 3067 πρὸς
759 2987 831 3047 ΗΑ
852 2982 1019 3052 ἐλάσσονα
1038 2982 1144 3070 λόγον

129 3088 227 3173 ἐχέτω
250 3080 335 3171 ἤπερ
359 3078 379 3168 ἡ
405 3088 464 3147 ΖΘ
487 3083 573 3167 πρὸς
597 3090 672 3152 ΘΔ·
703 3083 755 3154 ὅτι
778 3093 898 3174 μείζων
921 3089 1012 3157 ἐστὶν
1035 3088 1056 3176 ἡ
1083 3097 1145 3157 ΖΘ

127 3202 186 3279 τῆς
210 3199 281 3260 ΘΕ.

197 3298 266 3366 ἐπεὶ
290 3297 355 3384 γὰρ
379 3293 415 3364 τὸ
439 3291 505 3362 άπὸ
530 3300 602 3362 ΓΗ
620 3296 705 3384 πρὸς
728 3300 765 3368 τὸ
791 3299 856 3369 άπὸ
880 3308 953 3369 ΗΑ
977 3301 1145 3370 ἐλάσσονα

202 3479 243 3529 17.
263 3469 326 3528 ἀλλ’
344 3469 442 3542 ἐπειὴ
464 3475 524 3527 ΕΗ
540 3472 611 3528 coni.
631 3473 759 3530 Hultsch.
