2444 3892
294 181 443 232 EUTOOII
462 180 726 233 COMMENTARIA
743 182 782 234 IN
802 180 945 235 OONIOA.
1058 180 1121 246 199

108 325 208 390 etiam
231 326 371 399 [ΑΚΒ
386 354 427 376 =
444 326 543 388 ΓΚΒ
568 322 672 403 [Euat
690 322 755 408 111,
783 324 850 404 eu.
896 346 997 408 quare
1024 326 1123 390 etiam

107 431 164 514 qui
186 429 227 494 ad
251 429 331 494 duos
350 432 457 495 rectos
476 429 621 512 reliquus
640 432 699 512 est,
723 432 865 506 LAKE
876 460 919 483 =
936 433 1045 517 ΓΚΕ,
1068 433 1124 516 qui
1181 425 1184 431 ’

107 537 148 601 ad
168 535 248 600 duos
265 543 371 601 rectos
386 536 529 620 reliquus
546 540 604 601 est.
633 536 789 618 quoniam
803 536 903 620 igitur
917 543 949 600 Α
955 539 989 601 Κ
997 568 1039 590 =
1050 539 1122 621 ΚΓ,

109 642 290 708 eommunis
328 644 436 708 autem
473 647 554 725 EK,
594 647 627 706 et
664 648 685 719 L
706 644 820 707 ΛΚΕ
838 672 880 694 =
899 645 971 707 ΓΚ
978 649 1024 727 Ε,
1062 644 1123 708 erit

107 754 169 814 ΑΕ
181 779 223 802 =
239 751 304 813 ΓΕ
332 748 436 830 [Euel.
461 747 490 832 Ι,
517 750 563 830 4].
610 748 762 831 quoniam
789 742 890 832 igitur
914 754 946 813 Α
952 753 983 812 Ε
995 779 1038 802 =
1054 753 1124 834 ΓΕ,

107 855 287 920 eommunis
325 859 434 919 autem
468 857 539 918 EA
549 903 558 937 ,
596 857 629 918 et
661 859 682 929 l,
703 857 816 917 ΑΕΔ
836 883 878 905 --
898 857 1025 938 ΓΕΔ,
1063 856 1125 920 erit

106 966 177 1026 ΔΑ
188 992 229 1014 --
242 966 275 1025 Δ
281 964 312 1025 Γ
327 961 431 1042 [Euat.
446 960 472 1047 Ι,
489 962 535 1042 4].
565 961 631 1025 iam
651 960 801 1025 similiter
820 959 1124 1047 demonstrabimus,

106 1090 219 1133 omnes
247 1072 366 1151 rectae,
395 1088 478 1150 quae
506 1070 562 1132 aut
590 1089 610 1131 a
635 1070 702 1131 AB
728 1069 785 1131 aut
809 1088 828 1130 a
852 1069 918 1130 ΛΘ
942 1067 1124 1150 aequaliter

106 1175 242 1258 distent,
271 1175 422 1259 aequales
451 1195 530 1238 esse.
578 1178 611 1238 et
639 1175 793 1267 quoniam
820 1173 855 1237 in
879 1173 1000 1239 circulo
1024 1177 1128 1239 ΑΒΓ

104 1282 138 1344 in
168 1281 328 1346 diametro
353 1284 519 1365 sumptum
542 1284 593 1345 eat
616 1284 771 1364 punctum
796 1284 839 1365 E,
866 1279 952 1364 quod
975 1284 1122 1346 centrum

104 1387 218 1452 circuli
246 1409 312 1452 non
338 1391 400 1469 est,
427 1389 571 1452 maxima
594 1391 644 1452 eet
667 1391 744 1472 ΕΒ,
773 1386 909 1452 minima
933 1392 1043 1452 autem
1059 1392 1123 1452 ΕΘ

104 1497 137 1558 et
166 1495 314 1577 proxima
344 1516 489 1578 quaeque
517 1497 626 1559 rectae
649 1497 713 1558 ΕΘ
740 1494 914 1558 remotiore
943 1496 1048 1559 minor
1071 1496 1122 1558 est

105 1599 212 1681 [Euel.
230 1599 289 1684 111,
315 1599 363 1682 7];
387 1600 450 1663 erit
472 1599 574 1684 igitur
596 1604 660 1664 ΕΘ
675 1611 708 1672 <
723 1603 793 1663 ΕΖ.
837 1606 870 1664 et
893 1602 1048 1685 quoniam
1071 1610 1124 1673 est

104 1711 170 1771 ΘΕ
183 1718 216 1778 <
232 1710 305 1789 ΖΕ,
334 1709 402 1770 ΕΔ
429 1710 538 1770 autem
566 1707 746 1771 communis
776 1710 808 1771 et
834 1707 1120 1792 perpendicularis,

104 1814 166 1876 erit
197 1816 264 1877 ΔΘ
279 1822 313 1884 <
327 1816 394 1875 ΔΖ
424 1812 528 1892 [Eucl.
551 1811 580 1894 Ι,
613 1813 681 1893 47].
730 1835 842 1877 rursus
876 1815 1029 1899 quoniam
1057 1819 1120 1879 ΕΖ

104 1924 210 1983 rectae
239 1923 302 1983 ΕΘ
339 1919 473 2001 propior
509 1923 571 2000 est,
609 1923 640 1980 A
646 1922 678 1981 E
708 1923 817 1982 autem
841 1921 1021 2002 remotior,
1059 1922 1121 1984 erit

104 2027 305 2096 ΕΖ<ΑΕ.
356 2023 510 2106 quoniam
543 2022 645 2106 igitur
672 2026 879 2108 ΕΖ<ΕΑ,
911 2029 980 2088 ΕΔ
1012 2030 1120 2090 autem

104 2131 284 2196 eommunis
313 2133 345 2194 et
372 2129 412 2192 ad
437 2150 491 2192 eas
515 2127 807 2213 perpendiculariS‚
836 2131 898 2193 erit
921 2133 988 2193 AZ
1003 2142 1036 2203 <
1051 2137 1122 2195 ΔΑ

105 2236 211 2318 [Euol.
231 2236 255 2317 Ι,
278 2235 346 2315 47].
388 2256 498 2298 rursus
522 2233 674 2317 quoniam
699 2237 770 2299 ΑΚ
783 2264 826 2287 =
840 2238 916 2319 ΚΒ,
940 2236 1120 2301 eommunia

104 2344 213 2407 autem
240 2345 313 2425 ΚΕ,
337 2344 433 2405 erunt
455 2344 526 2406 ΑΚ
540 2343 580 2423 -l-
597 2345 666 2405 ΚΕ
679 2372 721 2394 --
740 2343 805 2415 ΒΚ
818 2344 858 2424 -l-
873 2343 940 2405 ΚΕ
954 2373 995 2394 =
1010 2346 1119 2424 BKE,

102 2470 216 2513 uerum
240 2451 310 2512 ΑΚ
325 2450 366 2530 -l-
384 2451 452 2513 ΚΕ
463 2458 498 2522 >
513 2452 581 2512 ΑΕ
604 2447 708 2528 [lluel.
728 2448 758 2531 Ι,
785 2449 852 2530 20].
899 2470 997 2532 quare
1021 2449 1120 2513 etiam

102 2558 165 2619 ΕΒ
180 2565 214 2628 >
230 2558 304 2619 ΕΑ.
355 2577 466 2620 rursus
497 2555 652 2639 quoniam
676 2559 743 2618 EA
757 2564 792 2628 <
808 2558 882 2639 ΕΒ,
914 2559 983 2618 ΕΔ
1011 2557 1119 2619 autem

102 2662 283 2727 eommunis
311 2666 345 2726 et
371 2661 411 2726 ad
435 2683 489 2726 eas
512 2655 808 2745 perpendicularis,¹
832 2662 894 2726 erit
918 2666 988 2725 ΔΑ
1003 2672 1036 2733 <
1051 2664 1120 2725 ΔΒ

104 2766 209 2846 [Euel.
228 2766 254 2852 Ι,
277 2770 343 2848 47].
382 2770 535 2852 quoniam
559 2769 661 2853 igitur
685 2771 751 2832 ΔΘ
765 2778 800 2840 <
812 2771 888 2850 ΔΖ,
911 2771 978 2831 ΔΖ
992 2778 1027 2841 <
1041 2771 1121 2852 ΔΑ,

101 2876 173 2937 ΔΑ
188 2885 222 2947 <
236 2878 312 2958 ΔΒ,
335 2875 472 2939 minima
495 2878 545 2938 est
568 2879 635 2939 ΛΘ
658 2878 691 2939 et
715 2897 798 2959 quae
822 2878 1010 2957 sequuntur.

175 2979 304 3046 Omnis
329 2981 455 3045 lineae
475 3002 628 3064 euruae,
652 2981 806 3064 quaein
825 3002 899 3046 uno
918 2981 1035 3065 plano
1054 3004 1120 3066 po·

100 3087 179 3151 sita
199 3090 272 3170 est,
295 3086 525 3151 diametrum
545 3087 711 3171 adpello,
731 3095 769 3152 et
787 3109 883 3172 quae
903 3090 1121 3170 sequuntur

101 3192 132 3274 [I
141 3194 208 3278 po,
219 3194 286 3274 23].
307 3193 359 3276 „iu
370 3214 435 3257 uno
445 3191 563 3276 pleno“
578 3194 658 3258 dixit
672 3197 808 3277 propter
817 3194 970 3278 epiralem
981 3194 1119 3279 cylindri

101 3301 135 3364 et
158 3299 330 3383 sphaerae3
354 3320 410 3362 eae
434 3299 517 3363 enim
542 3299 577 3363 in
595 3320 660 3364 uno
679 3299 778 3383 pleno
797 3300 924 3383 positae
947 3321 1014 3365 nou
1034 3303 1119 3365 sunt.

102 3405 190 3489 quod
218 3405 307 3489 dicit,
336 3405 397 3471 hoe
425 3408 488 3469 est:
517 3406 562 3470 eit
589 3405 675 3469 linea
703 3427 802 3471 eurua
830 3407 935 3470 ΑΒΓ
959 3411 991 3469 et
1018 3406 1052 3470 in
1081 3428 1148 3471 ea·

99 3513 210 3576 rectae
225 3510 349 3594 aliquot
362 3511 538 3594 parallelae
552 3514 626 3593 ΑΓ,
646 3514 722 3594 ΔΕ,
743 3514 818 3596 ΖΗ,
834 3514 903 3576 ΘΚ
916 3515 948 3577 et
963 3534 982 3576 a
995 3516 1117 3597 puncto
