<?xml version="1.0" encoding="UTF-8"?>
<!DOCTYPE html PUBLIC "-//W3C//DTD XHTML 1.0 Transitional//EN"
    "http://www.w3.org/TR/xhtml1/DTD/xhtml1-transitional.dtd">
<html xmlns="http://www.w3.org/1999/xhtml" xml:lang="en" lang="en">
 <head>
  <title>
</title>
<meta http-equiv="Content-Type" content="text/html;charset=utf-8" />
  <meta name='ocr-system' content='tesseract 3.04.00' />
  <meta name='ocr-capabilities' content='ocr_page ocr_carea ocr_par ocr_line ocrx_word'/>
</head>
<body>
  <div class='ocr_page' id='page_1' title='image "./apolloniipergae01apolgoog_0239.png"; bbox 0 0 2444 3892; ppageno 0'>
   <div class='ocr_carea' id='block_1_1' title="bbox 218 175 1073 238">
    <p class='ocr_par' dir='ltr' id='par_1_1' title="bbox 218 175 1073 238">
     <span class='ocr_line' id='line_1_1' title="bbox 218 175 1073 238; baseline 0.012 -12"><span class='ocrx_word' id='word_1_1' title='bbox 218 176 322 227; x_wconf 84' lang='lat' dir='ltr'><strong>PAPPI</strong></span> <span class='ocrx_word' id='word_1_2' title='bbox 339 175 514 227; x_wconf 74' lang='lat' dir='ltr'>LEMMATA</span> <span class='ocrx_word' id='word_1_3' title='bbox 532 176 572 227; x_wconf 84' lang='lat' dir='ltr'><strong><em>IN</em></strong></span> <span class='ocrx_word' id='word_1_4' title='bbox 591 175 709 228; x_wconf 74' lang='lat' dir='ltr'><strong>come.</strong></span> <span class='ocrx_word' id='word_1_5' title='bbox 727 176 796 227; x_wconf 86' lang='lat' dir='ltr'><strong>LIB.</strong></span> <span class='ocrx_word' id='word_1_6' title='bbox 815 177 911 228; x_wconf 89' lang='lat' dir='ltr'><strong>I—IV.</strong></span> <span class='ocrx_word' id='word_1_7' title='bbox 1009 175 1073 238; x_wconf 84' lang='lat'><strong><em>153</em></strong></span> 
     </span>
    </p>
   </div>
   <div class='ocr_carea' id='block_1_2' title="bbox 56 312 1073 720">
    <p class='ocr_par' dir='ltr' id='par_1_2' title="bbox 56 312 1072 511">
     <span class='ocr_line' id='line_1_2' title="bbox 56 312 1072 405; baseline 0 -21"><span class='ocrx_word' id='word_1_8' title='bbox 56 314 270 403; x_wconf 74' lang='grc' dir='ltr'><strong><em>παράλληλος</em></strong></span> <span class='ocrx_word' id='word_1_9' title='bbox 291 313 311 403; x_wconf 90' lang='grc' dir='ltr'><strong><em>ή</em></strong></span> <span class='ocrx_word' id='word_1_10' title='bbox 336 314 398 402; x_wconf 70' lang='grc' dir='ltr'><strong><em>μὲν</em></strong></span> <span class='ocrx_word' id='word_1_11' title='bbox 420 323 487 383; x_wconf 90' lang='grc' dir='ltr'><strong><em>ΑΒ</em></strong></span> <span class='ocrx_word' id='word_1_12' title='bbox 509 318 549 404; x_wconf 84' lang='grc' dir='ltr'><strong><em>τή</em></strong></span> <span class='ocrx_word' id='word_1_13' title='bbox 575 323 653 400; x_wconf 89' lang='grc' dir='ltr'><strong><em>ΔΕ,</em></strong></span> <span class='ocrx_word' id='word_1_14' title='bbox 676 312 697 401; x_wconf 79' lang='grc' dir='ltr'><em>ἡ</em></span> <span class='ocrx_word' id='word_1_15' title='bbox 722 315 759 383; x_wconf 69' lang='grc' dir='ltr'><strong><em>δὲ</em></strong></span> <span class='ocrx_word' id='word_1_16' title='bbox 778 321 844 383; x_wconf 91' lang='grc' dir='ltr'><strong><em>ΒΓ</em></strong></span> <span class='ocrx_word' id='word_1_17' title='bbox 862 317 902 405; x_wconf 80' lang='grc' dir='ltr'><strong><em>τή</em></strong></span> <span class='ocrx_word' id='word_1_18' title='bbox 922 322 995 382; x_wconf 87' lang='grc' dir='ltr'><strong><em>ΕΖ·</em></strong></span> <span class='ocrx_word' id='word_1_19' title='bbox 1021 313 1072 384; x_wconf 83' lang='grc' dir='ltr'><strong><em>ὅτι</em></strong></span> 
     </span>
     <span class='ocr_line' id='line_1_3' title="bbox 58 419 756 511; baseline 0.001 -23"><span class='ocrx_word' id='word_1_20' title='bbox 58 422 114 489; x_wconf 81' lang='grc' dir='ltr'><strong><em>καὶ</em></strong></span> <span class='ocrx_word' id='word_1_21' title='bbox 137 419 158 508; x_wconf 89' lang='grc' dir='ltr'><strong><em>ή</em></strong></span> <span class='ocrx_word' id='word_1_22' title='bbox 182 428 250 489; x_wconf 89' lang='grc' dir='ltr'><strong><em>ΑΓ</em></strong></span> <span class='ocrx_word' id='word_1_23' title='bbox 268 425 308 511; x_wconf 82' lang='grc' dir='ltr'><strong><em>τή</em></strong></span> <span class='ocrx_word' id='word_1_24' title='bbox 332 429 366 489; x_wconf 85' lang='grc' dir='ltr'><em>Δ</em></span> <span class='ocrx_word' id='word_1_25' title='bbox 373 428 400 488; x_wconf 93' lang='grc' dir='ltr'>Ζ</span> <span class='ocrx_word' id='word_1_26' title='bbox 423 424 514 490; x_wconf 82' lang='grc' dir='ltr'><strong><em>ἐστιν</em></strong></span> <span class='ocrx_word' id='word_1_27' title='bbox 537 422 756 510; x_wconf 79' lang='grc' dir='ltr'><strong><em>παράλληλος.</em></strong></span> 
     </span>
    </p>

    <p class='ocr_par' dir='ltr' id='par_1_3' title="bbox 57 524 1073 720">
     <span class='ocr_line' id='line_1_4' title="bbox 127 524 1073 614; baseline -0.002 -19"><span class='ocrx_word' id='word_1_28' title='bbox 127 526 340 614; x_wconf 74' lang='grc' dir='ltr'><strong><em>ἐκβεβλήσθω</em></strong></span> <span class='ocrx_word' id='word_1_29' title='bbox 363 524 384 614; x_wconf 85' lang='grc' dir='ltr'><em>ἡ</em></span> <span class='ocrx_word' id='word_1_30' title='bbox 407 533 474 595; x_wconf 89' lang='grc' dir='ltr'><strong><em>ΒΓ</em></strong></span> <span class='ocrx_word' id='word_1_31' title='bbox 496 527 553 595; x_wconf 81' lang='grc' dir='ltr'><strong><em>καὶ</em></strong></span> <span class='ocrx_word' id='word_1_32' title='bbox 582 528 791 614; x_wconf 82' lang='grc' dir='ltr'><strong><em>συμπιπτέτω</em></strong></span> <span class='ocrx_word' id='word_1_33' title='bbox 815 540 887 607; x_wconf 71' lang='grc' dir='ltr'><strong><em>ταῖς</em></strong></span> <span class='ocrx_word' id='word_1_34' title='bbox 908 535 987 612; x_wconf 85' lang='grc' dir='ltr'><strong><em>ΔΕ,</em></strong></span> <span class='ocrx_word' id='word_1_35' title='bbox 1007 535 1040 593; x_wconf 88' lang='grc' dir='ltr'><em>Α</em></span> <span class='ocrx_word' id='word_1_36' title='bbox 1046 535 1073 593; x_wconf 91' lang='grc' dir='ltr'>Ζ</span> 
     </span>
     <span class='ocr_line' id='line_1_5' title="bbox 57 627 1073 720; baseline 0 -20"><span class='ocrx_word' id='word_1_37' title='bbox 57 633 140 702; x_wconf 82' lang='grc' dir='ltr'><strong><em>κατὰ</em></strong></span> <span class='ocrx_word' id='word_1_38' title='bbox 163 632 203 701; x_wconf 81' lang='grc' dir='ltr'><strong><em>τὰ</em></strong></span> <span class='ocrx_word' id='word_1_39' title='bbox 226 639 272 719; x_wconf 87' lang='grc' dir='ltr'><strong><em>Η,</em></strong></span> <span class='ocrx_word' id='word_1_40' title='bbox 291 641 328 702; x_wconf 81' lang='grc' dir='ltr'><strong><em>Θ.</em></strong></span> <span class='ocrx_word' id='word_1_41' title='bbox 374 633 444 701; x_wconf 80' lang='grc' dir='ltr'><strong><em>ἐπεὶ</em></strong></span> <span class='ocrx_word' id='word_1_42' title='bbox 468 627 532 702; x_wconf 81' lang='grc' dir='ltr'><strong><em>οὖν</em></strong></span> <span class='ocrx_word' id='word_1_43' title='bbox 556 635 663 720; x_wconf 84' lang='grc' dir='ltr'><strong><em>ἐστιν,</em></strong></span> <span class='ocrx_word' id='word_1_44' title='bbox 692 630 737 712; x_wconf 75' lang='grc' dir='ltr'><strong><em>ὣς</em></strong></span> <span class='ocrx_word' id='word_1_45' title='bbox 764 631 784 720; x_wconf 86' lang='grc' dir='ltr'><strong><em>ή</em></strong></span> <span class='ocrx_word' id='word_1_46' title='bbox 808 640 874 701; x_wconf 90' lang='grc' dir='ltr'><strong><em>ΑΒ</em></strong></span> <span class='ocrx_word' id='word_1_47' title='bbox 902 638 984 719; x_wconf 80' lang='grc' dir='ltr'><strong><em>πρὸς</em></strong></span> <span class='ocrx_word' id='word_1_48' title='bbox 1011 633 1073 720; x_wconf 86' lang='grc' dir='ltr'><strong><em>τήν</em></strong></span> 
     </span>
    </p>
   </div>
   <div class='ocr_carea' id='block_1_3' title="bbox 58 736 1128 1168">
    <p class='ocr_par' dir='ltr' id='par_1_4' title="bbox 58 736 1128 1168">
     <span class='ocr_line' id='line_1_6' title="bbox 458 736 1128 826; baseline 0.001 -19"><span class='ocrx_word' id='word_1_49' title='bbox 458 745 531 826; x_wconf 88' lang='grc' dir='ltr'><strong><em>ΒΓ,</em></strong></span> <span class='ocrx_word' id='word_1_50' title='bbox 556 737 662 818; x_wconf 78' lang='grc' dir='ltr'><strong><em>οὕτως</em></strong></span> <span class='ocrx_word' id='word_1_51' title='bbox 684 736 704 825; x_wconf 87' lang='grc' dir='ltr'><strong><em>ή</em></strong></span> <span class='ocrx_word' id='word_1_52' title='bbox 726 748 796 807; x_wconf 85' lang='grc' dir='ltr'><strong><em>ΑΕ</em></strong></span> <span class='ocrx_word' id='word_1_53' title='bbox 821 745 996 826; x_wconf 77' lang='grc' dir='ltr'><strong><em>πρὸςΕΖ,</em></strong></span> <span class='ocrx_word' id='word_1_54' title='bbox 1019 746 1078 808; x_wconf 84' lang='grc' dir='ltr'><strong><em>καί</em></strong></span> <span class='ocrx_word' id='word_1_55' title='bbox 1112 760 1128 808; x_wconf 84' lang='lat'>5</span> 
     </span>
     <span class='ocr_line' id='line_1_7' title="bbox 334 839 1074 933; baseline -0.001 -19"><span class='ocrx_word' id='word_1_56' title='bbox 334 839 361 891; x_wconf 77' lang='grc' dir='ltr'><em>Δ</em></span> <span class='ocrx_word' id='word_1_57' title='bbox 458 850 545 914; x_wconf 80' lang='grc' dir='ltr'><strong><em>εἰσιν</em></strong></span> <span class='ocrx_word' id='word_1_58' title='bbox 569 854 638 912; x_wconf 76' lang='grc' dir='ltr'><strong><em>ἴσαι</em></strong></span> <span class='ocrx_word' id='word_1_59' title='bbox 658 849 695 911; x_wconf 81' lang='grc' dir='ltr'><strong><em>αλ</em></strong></span> <span class='ocrx_word' id='word_1_60' title='bbox 711 853 751 930; x_wconf 87' lang='grc' dir='ltr'><strong><em>Β,</em></strong></span> <span class='ocrx_word' id='word_1_61' title='bbox 765 854 797 914; x_wconf 87' lang='grc' dir='ltr'><em>Ε</em></span> <span class='ocrx_word' id='word_1_62' title='bbox 813 853 933 933; x_wconf 79' lang='grc' dir='ltr'><em>γωνίαι</em></span> <span class='ocrx_word' id='word_1_63' title='bbox 958 845 1014 913; x_wconf 75' lang='grc' dir='ltr'><strong><em>διὰ</em></strong></span> <span class='ocrx_word' id='word_1_64' title='bbox 1036 849 1074 913; x_wconf 86' lang='grc' dir='ltr'><strong><em>τὸ</em></strong></span> 
     </span>
     <span class='ocr_line' id='line_1_8' title="bbox 275 949 1074 1071; baseline 0 -53"><span class='ocrx_word' id='word_1_65' title='bbox 275 987 309 1071; x_wconf 57' lang='grc' dir='ltr'><em>Ἐ</em></span> <span class='ocrx_word' id='word_1_66' title='bbox 391 1020 416 1066; x_wconf 76' lang='lat' dir='ltr'><em>Z</em></span> <span class='ocrx_word' id='word_1_67' title='bbox 458 949 545 1019; x_wconf 77' lang='grc' dir='ltr'><strong><em>εἶναι</em></strong></span> <span class='ocrx_word' id='word_1_68' title='bbox 560 949 623 1018; x_wconf 77' lang='grc' dir='ltr'><strong><em>δύο</em></strong></span> <span class='ocrx_word' id='word_1_69' title='bbox 638 950 728 1039; x_wconf 81' lang='grc' dir='ltr'><strong><em>παρὰ</em></strong></span> <span class='ocrx_word' id='word_1_70' title='bbox 742 954 816 1037; x_wconf 78' lang='grc' dir='ltr'>δύο,</span> <span class='ocrx_word' id='word_1_71' title='bbox 834 960 889 1038; x_wconf 77' lang='grc' dir='ltr'><strong><em>ἴση</em></strong></span> <span class='ocrx_word' id='word_1_72' title='bbox 904 949 970 1038; x_wconf 78' lang='grc' dir='ltr'><strong><em>ἄρα</em></strong></span> <span class='ocrx_word' id='word_1_73' title='bbox 984 951 1074 1020; x_wconf 80' lang='grc' dir='ltr'><strong><em>ἐστὶν</em></strong></span> 
     </span>
     <span class='ocr_line' id='line_1_9' title="bbox 58 1055 1075 1168; baseline 0 -44"><span class='ocrx_word' id='word_1_74' title='bbox 58 1119 84 1168; x_wconf 81' lang='lat' dir='ltr'><em>B</em></span> <span class='ocrx_word' id='word_1_75' title='bbox 415 1055 696 1156; x_wconf 82' lang='grc' dir='ltr'><strong><em>θααὶὴΓτήΖ</em></strong></span> <span class='ocrx_word' id='word_1_76' title='bbox 719 1060 957 1145; x_wconf 78' lang='lat' dir='ltr'><strong>[Euel.vl,6],</strong></span> <span class='ocrx_word' id='word_1_77' title='bbox 980 1083 1075 1125; x_wconf 86' lang='grc' dir='ltr'><strong><em>τουτ-</em></strong></span> 
     </span>
    </p>
   </div>
   <div class='ocr_carea' id='block_1_4' title="bbox 54 1152 1128 1464">
    <p class='ocr_par' dir='ltr' id='par_1_5' title="bbox 54 1152 1128 1464">
     <span class='ocr_line' id='line_1_10' title="bbox 222 1152 1074 1252; baseline -0.002 -21"><span class='ocrx_word' id='word_1_78' title='bbox 222 1152 254 1198; x_wconf 68' lang='grc' dir='ltr'><em>Γ</em></span> <span class='ocrx_word' id='word_1_79' title='bbox 263 1153 297 1200; x_wconf 66' lang='lat'><strong><em>11·</em></strong></span> <span class='ocrx_word' id='word_1_80' title='bbox 458 1165 548 1231; x_wconf 60' lang='grc' dir='ltr'><strong><em>εστιν</em></strong></span> <span class='ocrx_word' id='word_1_81' title='bbox 569 1168 609 1252; x_wconf 65' lang='grc' dir='ltr'><strong><em>τῇ</em></strong></span> <span class='ocrx_word' id='word_1_82' title='bbox 633 1171 661 1232; x_wconf 83' lang='grc' dir='ltr'><strong><em>α</em></strong></span> <span class='ocrx_word' id='word_1_83' title='bbox 688 1167 791 1248; x_wconf 63' lang='grc' dir='ltr'><strong><em>[Εεα.</em></strong></span> <span class='ocrx_word' id='word_1_84' title='bbox 811 1167 836 1251; x_wconf 85' lang='lat'><strong><em>1,</em></strong></span> <span class='ocrx_word' id='word_1_85' title='bbox 861 1168 918 1248; x_wconf 72' lang='grc' dir='ltr'><strong><em>τε]</em></strong></span> <span class='ocrx_word' id='word_1_86' title='bbox 952 1164 1008 1230; x_wconf 77' lang='grc' dir='ltr'><strong><em>ωε</em></strong></span> <span class='ocrx_word' id='word_1_87' title='bbox 1037 1166 1074 1231; x_wconf 64' lang='grc' dir='ltr'><strong><em>τὸ</em></strong></span> 
     </span>
     <span class='ocr_line' id='line_1_11' title="bbox 54 1266 1128 1356; baseline 0.007 -21"><span class='ocrx_word' id='word_1_88' title='bbox 54 1267 292 1355; x_wconf 79' lang='grc' dir='ltr'><strong><em>παραλλήλους</em></strong></span> <span class='ocrx_word' id='word_1_89' title='bbox 324 1266 411 1338; x_wconf 73' lang='grc' dir='ltr'><strong><em>εἶναι</em></strong></span> <span class='ocrx_word' id='word_1_90' title='bbox 446 1269 506 1350; x_wconf 81' lang='grc' dir='ltr'><strong><em>τὰς</em></strong></span> <span class='ocrx_word' id='word_1_91' title='bbox 539 1277 616 1356; x_wconf 90' lang='grc' dir='ltr'><strong><em>ΕΖ,</em></strong></span> <span class='ocrx_word' id='word_1_92' title='bbox 640 1278 720 1337; x_wconf 81' lang='grc' dir='ltr'><strong><em>ΗΘ·</em></strong></span> <span class='ocrx_word' id='word_1_93' title='bbox 762 1268 974 1356; x_wconf 79' lang='grc' dir='ltr'><strong><em>παράλληλος</em></strong></span> <span class='ocrx_word' id='word_1_94' title='bbox 1009 1270 1074 1356; x_wconf 76' lang='grc' dir='ltr'><strong><em>ἄρα</em></strong></span> <span class='ocrx_word' id='word_1_95' title='bbox 1094 1293 1128 1342; x_wconf 84' lang='grc'><strong><em>10</em></strong></span> 
     </span>
     <span class='ocr_line' id='line_1_12' title="bbox 55 1371 695 1464; baseline 0.003 -23"><span class='ocrx_word' id='word_1_96' title='bbox 55 1375 148 1442; x_wconf 80' lang='grc' dir='ltr'><strong><em>ἐστὶν</em></strong></span> <span class='ocrx_word' id='word_1_97' title='bbox 171 1371 192 1461; x_wconf 87' lang='grc' dir='ltr'><strong><em>ή</em></strong></span> <span class='ocrx_word' id='word_1_98' title='bbox 218 1381 286 1443; x_wconf 90' lang='grc' dir='ltr'><strong><em>ΑΓ</em></strong></span> <span class='ocrx_word' id='word_1_99' title='bbox 304 1380 345 1464; x_wconf 83' lang='grc' dir='ltr'><strong><em>τή</em></strong></span> <span class='ocrx_word' id='word_1_100' title='bbox 370 1383 438 1444; x_wconf 82' lang='grc' dir='ltr'><strong><em>ΛΘ</em></strong></span> <span class='ocrx_word' id='word_1_101' title='bbox 462 1380 565 1461; x_wconf 80' lang='grc' dir='ltr'><strong><em>[ΒααΙ.</em></strong></span> <span class='ocrx_word' id='word_1_102' title='bbox 584 1380 609 1458; x_wconf 89' lang='grc' dir='ltr'><strong><em>Ι,</em></strong></span> <span class='ocrx_word' id='word_1_103' title='bbox 628 1381 695 1460; x_wconf 80' lang='grc'>28].</span> 
     </span>
    </p>
   </div>
   <div class='ocr_carea' id='block_1_5' title="bbox 54 1497 1075 1883">
    <p class='ocr_par' dir='ltr' id='par_1_6' title="bbox 54 1497 1075 1883">
     <span class='ocr_line' id='line_1_13' title="bbox 124 1497 1075 1588; baseline -0.003 -22"><span class='ocrx_word' id='word_1_104' title='bbox 124 1497 168 1584; x_wconf 79' lang='grc' dir='ltr'><strong><em>γ’.</em></strong></span> <span class='ocrx_word' id='word_1_105' title='bbox 201 1497 332 1568; x_wconf 78' lang='grc' dir='ltr'><em>Εὐθεῖα</em></span> <span class='ocrx_word' id='word_1_106' title='bbox 355 1497 375 1587; x_wconf 91' lang='grc' dir='ltr'><strong><em>ή</em></strong></span> <span class='ocrx_word' id='word_1_107' title='bbox 395 1508 471 1588; x_wconf 89' lang='grc' dir='ltr'><strong><em>ΑΒ,</em></strong></span> <span class='ocrx_word' id='word_1_108' title='bbox 494 1501 550 1569; x_wconf 78' lang='grc' dir='ltr'><strong><em>καὶ</em></strong></span> <span class='ocrx_word' id='word_1_109' title='bbox 574 1505 729 1568; x_wconf 81' lang='grc' dir='ltr'><strong><em>ἔστωσων</em></strong></span> <span class='ocrx_word' id='word_1_110' title='bbox 753 1507 823 1566; x_wconf 74' lang='grc' dir='ltr'><strong><em>ἴσαι</em></strong></span> <span class='ocrx_word' id='word_1_111' title='bbox 847 1501 885 1565; x_wconf 78' lang='grc' dir='ltr'><strong><em>αλ</em></strong></span> <span class='ocrx_word' id='word_1_112' title='bbox 901 1503 976 1583; x_wconf 92' lang='grc' dir='ltr'><strong><em>ΑΓ,</em></strong></span> <span class='ocrx_word' id='word_1_113' title='bbox 995 1503 1075 1583; x_wconf 89' lang='grc' dir='ltr'><strong><em>ΔΒ,</em></strong></span> 
     </span>
     <span class='ocr_line' id='line_1_14' title="bbox 54 1604 1074 1693; baseline 0.001 -23"><span class='ocrx_word' id='word_1_114' title='bbox 54 1604 112 1671; x_wconf 79' lang='grc' dir='ltr'><strong><em>καὶ</em></strong></span> <span class='ocrx_word' id='word_1_115' title='bbox 135 1606 257 1691; x_wconf 83' lang='grc' dir='ltr'><strong><em>μεταξὺ</em></strong></span> <span class='ocrx_word' id='word_1_116' title='bbox 282 1616 351 1675; x_wconf 77' lang='grc' dir='ltr'><strong><em>τῶν</em></strong></span> <span class='ocrx_word' id='word_1_117' title='bbox 374 1612 413 1692; x_wconf 93' lang='grc' dir='ltr'><strong><em>Γ,</em></strong></span> <span class='ocrx_word' id='word_1_118' title='bbox 433 1616 466 1673; x_wconf 93' lang='grc' dir='ltr'><em>Δ</em></span> <span class='ocrx_word' id='word_1_119' title='bbox 495 1606 650 1693; x_wconf 76' lang='grc' dir='ltr'><strong><em>εἰλήφθω</em></strong></span> <span class='ocrx_word' id='word_1_120' title='bbox 679 1609 781 1693; x_wconf 86' lang='grc' dir='ltr'><strong><em>τυχὸν</em></strong></span> <span class='ocrx_word' id='word_1_121' title='bbox 810 1618 948 1693; x_wconf 84' lang='grc' dir='ltr'><strong><em>σημεῖον</em></strong></span> <span class='ocrx_word' id='word_1_122' title='bbox 971 1607 1008 1672; x_wconf 91' lang='grc' dir='ltr'><strong><em>τὸ</em></strong></span> <span class='ocrx_word' id='word_1_123' title='bbox 1032 1611 1074 1671; x_wconf 87' lang='grc' dir='ltr'><strong><em>Ε·</em></strong></span> 
     </span>
     <span class='ocr_line' id='line_1_15' title="bbox 57 1708 1073 1803; baseline -0.001 -25"><span class='ocrx_word' id='word_1_124' title='bbox 57 1709 110 1778; x_wconf 84' lang='grc' dir='ltr'><strong><em>ὅτι</em></strong></span> <span class='ocrx_word' id='word_1_125' title='bbox 133 1714 171 1778; x_wconf 85' lang='grc' dir='ltr'><strong><em>τὸ</em></strong></span> <span class='ocrx_word' id='word_1_126' title='bbox 194 1708 259 1779; x_wconf 82' lang='grc' dir='ltr'><strong><em>ὑπὸ</em></strong></span> <span class='ocrx_word' id='word_1_127' title='bbox 283 1719 383 1780; x_wconf 88' lang='grc' dir='ltr'><strong><em>ΑΔΒ</em></strong></span> <span class='ocrx_word' id='word_1_128' title='bbox 412 1711 492 1800; x_wconf 82' lang='grc' dir='ltr'><strong><em>μετὰ</em></strong></span> <span class='ocrx_word' id='word_1_129' title='bbox 515 1717 577 1781; x_wconf 83' lang='grc' dir='ltr'><strong><em>τοῦ</em></strong></span> <span class='ocrx_word' id='word_1_130' title='bbox 599 1710 664 1780; x_wconf 87' lang='grc' dir='ltr'><strong><em>ὑπὸ</em></strong></span> <span class='ocrx_word' id='word_1_131' title='bbox 689 1718 791 1779; x_wconf 87' lang='grc' dir='ltr'><strong><em>ΓΕΑ</em></strong></span> <span class='ocrx_word' id='word_1_132' title='bbox 819 1720 895 1778; x_wconf 82' lang='grc' dir='ltr'><strong><em>λ’σον</em></strong></span> <span class='ocrx_word' id='word_1_133' title='bbox 914 1711 1005 1780; x_wconf 80' lang='grc' dir='ltr'><strong><em>ἐστὶν</em></strong></span> <span class='ocrx_word' id='word_1_134' title='bbox 1028 1714 1073 1803; x_wconf 76' lang='grc' dir='ltr'><strong><em>τῷ</em></strong></span> 
     </span>
     <span class='ocr_line' id='line_1_16' title="bbox 55 1813 256 1883; baseline 0 0"><span class='ocrx_word' id='word_1_135' title='bbox 55 1813 123 1883; x_wconf 83' lang='grc' dir='ltr'><strong><em>ὑπὸ</em></strong></span> <span class='ocrx_word' id='word_1_136' title='bbox 147 1824 256 1883; x_wconf 87' lang='grc' dir='ltr'><em>ΑΕΒ.</em></span> 
     </span>
    </p>
   </div>
   <div class='ocr_carea' id='block_1_6' title="bbox 148 1944 350 2047">
    <p class='ocr_par' dir='ltr' id='par_1_7' title="bbox 148 1944 350 2047">
     <span class='ocr_line' id='line_1_17' title="bbox 148 1944 350 2047; baseline 0 -54"><span class='ocrx_word' id='word_1_137' title='bbox 148 2011 150 2047; x_wconf 68' lang='grc' dir='ltr'>Ι</span> <span class='ocrx_word' id='word_1_138' title='bbox 324 1944 350 1993; x_wconf 89' lang='grc' dir='ltr'><em>Γ</em></span> 
     </span>
    </p>
   </div>
   <div class='ocr_carea' id='block_1_7' title="bbox 56 2097 1187 3145">
    <p class='ocr_par' dir='ltr' id='par_1_8' title="bbox 56 2097 1187 3145">
     <span class='ocr_line' id='line_1_18' title="bbox 124 2097 1078 2189; baseline 0.001 -23"><span class='ocrx_word' id='word_1_139' title='bbox 124 2099 301 2188; x_wconf 76' lang='grc' dir='ltr'><strong><em>τετμήσθω</em></strong></span> <span class='ocrx_word' id='word_1_140' title='bbox 324 2097 345 2184; x_wconf 82' lang='grc' dir='ltr'>ἡ</span> <span class='ocrx_word' id='word_1_141' title='bbox 365 2106 428 2168; x_wconf 90' lang='grc' dir='ltr'><strong><em>ΓΔ</em></strong></span> <span class='ocrx_word' id='word_1_142' title='bbox 451 2104 538 2187; x_wconf 79' lang='grc' dir='ltr'><strong><em>δίχα,</em></strong></span> <span class='ocrx_word' id='word_1_143' title='bbox 563 2099 653 2180; x_wconf 86' lang='grc' dir='ltr'><strong><em>ὅπως</em></strong></span> <span class='ocrx_word' id='word_1_144' title='bbox 676 2098 718 2169; x_wconf 73' lang='grc' dir='ltr'><strong><em>ἂν</em></strong></span> <span class='ocrx_word' id='word_1_145' title='bbox 742 2106 798 2189; x_wconf 79' lang='grc' dir='ltr'><strong><em>ἔχῃ</em></strong></span> <span class='ocrx_word' id='word_1_146' title='bbox 823 2098 869 2180; x_wconf 79' lang='grc' dir='ltr'><strong><em>ὡς</em></strong></span> <span class='ocrx_word' id='word_1_147' title='bbox 892 2105 974 2188; x_wconf 79' lang='grc' dir='ltr'><strong><em>πρὸς</em></strong></span> <span class='ocrx_word' id='word_1_148' title='bbox 991 2104 1028 2167; x_wconf 83' lang='grc' dir='ltr'><strong><em>τὸ</em></strong></span> <span class='ocrx_word' id='word_1_149' title='bbox 1047 2107 1078 2167; x_wconf 89' lang='grc' dir='ltr'><em>Ε</em></span> 
     </span>
     <span class='ocr_line' id='line_1_19' title="bbox 59 2204 1075 2294; baseline -0.001 -20"><span class='ocrx_word' id='word_1_150' title='bbox 59 2220 212 2293; x_wconf 78' lang='grc' dir='ltr'><strong><em>σημεῖον,</em></strong></span> <span class='ocrx_word' id='word_1_151' title='bbox 236 2204 320 2274; x_wconf 79' lang='grc' dir='ltr'><strong><em>κατὰ</em></strong></span> <span class='ocrx_word' id='word_1_152' title='bbox 343 2210 381 2274; x_wconf 83' lang='grc' dir='ltr'><strong><em>τὸ</em></strong></span> <span class='ocrx_word' id='word_1_153' title='bbox 402 2214 437 2275; x_wconf 93' lang='lat' dir='ltr'><strong><em>Z.</em></strong></span> <span class='ocrx_word' id='word_1_154' title='bbox 474 2207 528 2273; x_wconf 80' lang='grc' dir='ltr'><strong><em>καὶ</em></strong></span> <span class='ocrx_word' id='word_1_155' title='bbox 554 2208 623 2274; x_wconf 81' lang='grc' dir='ltr'><strong><em>ἐπεὶ</em></strong></span> <span class='ocrx_word' id='word_1_156' title='bbox 646 2213 683 2276; x_wconf 90' lang='grc' dir='ltr'><strong><em>τὸ</em></strong></span> <span class='ocrx_word' id='word_1_157' title='bbox 706 2205 771 2276; x_wconf 85' lang='grc' dir='ltr'><strong><em>ὑπὸ</em></strong></span> <span class='ocrx_word' id='word_1_158' title='bbox 790 2216 890 2275; x_wconf 87' lang='grc' dir='ltr'><strong><em>ΑΑΒ</em></strong></span> <span class='ocrx_word' id='word_1_159' title='bbox 914 2206 995 2294; x_wconf 85' lang='grc' dir='ltr'><strong><em>μετὰ</em></strong></span> <span class='ocrx_word' id='word_1_160' title='bbox 1014 2211 1075 2274; x_wconf 82' lang='grc' dir='ltr'><strong><em>τοῦ</em></strong></span> 
     </span>
     <span class='ocr_line' id='line_1_20' title="bbox 56 2307 1072 2403; baseline 0 -24"><span class='ocrx_word' id='word_1_161' title='bbox 56 2307 123 2379; x_wconf 75' lang='grc' dir='ltr'><strong><em>ἀπὸ</em></strong></span> <span class='ocrx_word' id='word_1_162' title='bbox 149 2318 214 2378; x_wconf 93' lang='grc' dir='ltr'><strong><em>ΖΔ</em></strong></span> <span class='ocrx_word' id='word_1_163' title='bbox 242 2320 318 2380; x_wconf 73' lang='grc' dir='ltr'><strong><em>ἴσον</em></strong></span> <span class='ocrx_word' id='word_1_164' title='bbox 347 2311 438 2380; x_wconf 82' lang='grc' dir='ltr'><strong><em>ἐστὶν</em></strong></span> <span class='ocrx_word' id='word_1_165' title='bbox 464 2315 510 2403; x_wconf 74' lang='grc' dir='ltr'><strong><em>τῷ</em></strong></span> <span class='ocrx_word' id='word_1_166' title='bbox 539 2312 604 2379; x_wconf 82' lang='grc' dir='ltr'><strong><em>ἀπὸ</em></strong></span> <span class='ocrx_word' id='word_1_167' title='bbox 628 2320 689 2380; x_wconf 90' lang='grc' dir='ltr'><strong><em>ΖΒ</em></strong></span> <span class='ocrx_word' id='word_1_168' title='bbox 717 2315 822 2396; x_wconf 84' lang='lat' dir='ltr'>[Eucl.</span> <span class='ocrx_word' id='word_1_169' title='bbox 841 2315 885 2400; x_wconf 92' lang='grc' dir='ltr'><strong><em>ΙΙ,</em></strong></span> <span class='ocrx_word' id='word_1_170' title='bbox 907 2316 956 2398; x_wconf 83' lang='grc'><strong><em>5],</em></strong></span> <span class='ocrx_word' id='word_1_171' title='bbox 990 2311 1072 2380; x_wconf 78' lang='grc' dir='ltr'><strong><em>ἀλλὰ</em></strong></span> 
     </span>
     <span class='ocr_line' id='line_1_21' title="bbox 56 2415 1074 2508; baseline -0.001 -22"><span class='ocrx_word' id='word_1_172' title='bbox 56 2421 103 2508; x_wconf 77' lang='grc' dir='ltr'><strong><em>τῷ</em></strong></span> <span class='ocrx_word' id='word_1_173' title='bbox 127 2416 188 2504; x_wconf 70' lang='grc' dir='ltr'><strong><em>μὲν</em></strong></span> <span class='ocrx_word' id='word_1_174' title='bbox 212 2415 277 2486; x_wconf 77' lang='grc' dir='ltr'><strong><em>ἀπὸ</em></strong></span> <span class='ocrx_word' id='word_1_175' title='bbox 304 2426 371 2484; x_wconf 92' lang='grc' dir='ltr'><strong><em>ΖΔ</em></strong></span> <span class='ocrx_word' id='word_1_176' title='bbox 399 2426 474 2485; x_wconf 80' lang='grc' dir='ltr'><strong><em>ἴσον</em></strong></span> <span class='ocrx_word' id='word_1_177' title='bbox 503 2418 593 2486; x_wconf 81' lang='grc' dir='ltr'><strong><em>ἐστὶν</em></strong></span> <span class='ocrx_word' id='word_1_178' title='bbox 621 2416 658 2486; x_wconf 82' lang='grc' dir='ltr'><strong><em>τὸ</em></strong></span> <span class='ocrx_word' id='word_1_179' title='bbox 686 2416 752 2487; x_wconf 82' lang='grc' dir='ltr'><strong><em>ὑπὸ</em></strong></span> <span class='ocrx_word' id='word_1_180' title='bbox 777 2424 879 2485; x_wconf 87' lang='grc' dir='ltr'><strong><em>ΓΕΔ</em></strong></span> <span class='ocrx_word' id='word_1_181' title='bbox 906 2417 987 2504; x_wconf 84' lang='grc' dir='ltr'><strong><em>μετὰ</em></strong></span> <span class='ocrx_word' id='word_1_182' title='bbox 1013 2421 1074 2486; x_wconf 85' lang='grc' dir='ltr'><strong><em>τοῦ</em></strong></span> 
     </span>
     <span class='ocr_line' id='line_1_22' title="bbox 57 2522 1129 2614; baseline 0.006 -22"><span class='ocrx_word' id='word_1_183' title='bbox 57 2522 124 2592; x_wconf 79' lang='grc' dir='ltr'><strong><em>ἀπὸ</em></strong></span> <span class='ocrx_word' id='word_1_184' title='bbox 150 2531 214 2590; x_wconf 89' lang='grc' dir='ltr'><strong><em>ΖΕ</em></strong></span> <span class='ocrx_word' id='word_1_185' title='bbox 241 2528 347 2610; x_wconf 80' lang='lat' dir='ltr'>[Eucl.</span> <span class='ocrx_word' id='word_1_186' title='bbox 365 2527 407 2614; x_wconf 88' lang='grc' dir='ltr'><strong><em>ΙΙ,</em></strong></span> <span class='ocrx_word' id='word_1_187' title='bbox 426 2528 477 2609; x_wconf 83' lang='grc'><strong><em>5],</em></strong></span> <span class='ocrx_word' id='word_1_188' title='bbox 510 2528 556 2614; x_wconf 77' lang='grc' dir='ltr'><strong><em>τῷ</em></strong></span> <span class='ocrx_word' id='word_1_189' title='bbox 585 2524 623 2592; x_wconf 72' lang='grc' dir='ltr'><strong><em>δὲ</em></strong></span> <span class='ocrx_word' id='word_1_190' title='bbox 646 2523 711 2594; x_wconf 77' lang='grc' dir='ltr'><strong><em>ἀπὸ</em></strong></span> <span class='ocrx_word' id='word_1_191' title='bbox 737 2532 797 2592; x_wconf 91' lang='grc' dir='ltr'><strong><em>ΖΒ</em></strong></span> <span class='ocrx_word' id='word_1_192' title='bbox 823 2534 899 2594; x_wconf 76' lang='grc' dir='ltr'><strong><em>ἴσον</em></strong></span> <span class='ocrx_word' id='word_1_193' title='bbox 923 2527 1013 2594; x_wconf 81' lang='grc' dir='ltr'><strong><em>ἐστὶν</em></strong></span> <span class='ocrx_word' id='word_1_194' title='bbox 1037 2524 1073 2593; x_wconf 90' lang='grc' dir='ltr'><strong><em>τὸ</em></strong></span> <span class='ocrx_word' id='word_1_195' title='bbox 1094 2549 1129 2598; x_wconf 75' lang='lat'><strong><em>20</em></strong></span> 
     </span>
     <span class='ocr_line' id='line_1_23' title="bbox 56 2627 1187 2721; baseline -0.001 -22"><span class='ocrx_word' id='word_1_196' title='bbox 56 2627 125 2699; x_wconf 85' lang='grc' dir='ltr'><strong><em>ὑπὸ</em></strong></span> <span class='ocrx_word' id='word_1_197' title='bbox 146 2638 247 2699; x_wconf 87' lang='grc' dir='ltr'><strong><em>ΑΕΒ</em></strong></span> <span class='ocrx_word' id='word_1_198' title='bbox 270 2629 351 2719; x_wconf 80' lang='grc' dir='ltr'><strong><em>μετὰ</em></strong></span> <span class='ocrx_word' id='word_1_199' title='bbox 370 2642 431 2700; x_wconf 82' lang='grc' dir='ltr'><strong><em>τοῦ</em></strong></span> <span class='ocrx_word' id='word_1_200' title='bbox 450 2628 515 2699; x_wconf 77' lang='grc' dir='ltr'><strong><em>ἀπὸ</em></strong></span> <span class='ocrx_word' id='word_1_201' title='bbox 537 2637 602 2698; x_wconf 92' lang='grc' dir='ltr'><strong><em>ΖΕ</em></strong></span> <span class='ocrx_word' id='word_1_202' title='bbox 625 2635 727 2716; x_wconf 82' lang='grc' dir='ltr'><strong><em>[ΒααΙ.</em></strong></span> <span class='ocrx_word' id='word_1_203' title='bbox 742 2634 784 2719; x_wconf 88' lang='grc' dir='ltr'><strong><em>ΙΙ,</em></strong></span> <span class='ocrx_word' id='word_1_204' title='bbox 799 2637 845 2718; x_wconf 82' lang='grc'><strong><em>5],</em></strong></span> <span class='ocrx_word' id='word_1_205' title='bbox 868 2631 906 2700; x_wconf 89' lang='grc' dir='ltr'><strong><em>τὸ</em></strong></span> <span class='ocrx_word' id='word_1_206' title='bbox 925 2631 990 2721; x_wconf 77' lang='grc' dir='ltr'><strong><em>ἄρα</em></strong></span> <span class='ocrx_word' id='word_1_207' title='bbox 1009 2629 1074 2699; x_wconf 82' lang='grc' dir='ltr'><strong><em>ὑπὸ</em></strong></span> <span class='ocrx_word' id='word_1_208' title='bbox 1184 2715 1187 2720; x_wconf 22' lang='lat'>¹</span> 
     </span>
     <span class='ocr_line' id='line_1_24' title="bbox 57 2734 1076 2823; baseline 0 -19"><span class='ocrx_word' id='word_1_209' title='bbox 57 2744 159 2804; x_wconf 90' lang='grc' dir='ltr'><strong><em>ΑΛΒ</em></strong></span> <span class='ocrx_word' id='word_1_210' title='bbox 182 2734 263 2823; x_wconf 78' lang='grc' dir='ltr'><strong><em>μετὰ</em></strong></span> <span class='ocrx_word' id='word_1_211' title='bbox 282 2740 343 2805; x_wconf 83' lang='grc' dir='ltr'><strong><em>τοῦ</em></strong></span> <span class='ocrx_word' id='word_1_212' title='bbox 362 2734 429 2806; x_wconf 80' lang='grc' dir='ltr'><strong><em>ὑπὸ</em></strong></span> <span class='ocrx_word' id='word_1_213' title='bbox 444 2743 545 2805; x_wconf 87' lang='grc' dir='ltr'><strong><em>ΓΕΔ</em></strong></span> <span class='ocrx_word' id='word_1_214' title='bbox 565 2737 621 2805; x_wconf 80' lang='grc' dir='ltr'><strong><em>καὶ</em></strong></span> <span class='ocrx_word' id='word_1_215' title='bbox 639 2742 700 2805; x_wconf 84' lang='grc' dir='ltr'><strong><em>τοῦ</em></strong></span> <span class='ocrx_word' id='word_1_216' title='bbox 719 2736 784 2807; x_wconf 78' lang='grc' dir='ltr'><strong><em>ἀπὸ</em></strong></span> <span class='ocrx_word' id='word_1_217' title='bbox 802 2746 867 2807; x_wconf 91' lang='grc' dir='ltr'><strong><em>ΖΕ</em></strong></span> <span class='ocrx_word' id='word_1_218' title='bbox 888 2748 964 2807; x_wconf 74' lang='grc' dir='ltr'><strong><em>ἴσον</em></strong></span> <span class='ocrx_word' id='word_1_219' title='bbox 984 2739 1076 2806; x_wconf 84' lang='grc' dir='ltr'><strong><em>ἐστὶν</em></strong></span> 
     </span>
     <span class='ocr_line' id='line_1_25' title="bbox 56 2840 1128 2934; baseline 0.001 -25"><span class='ocrx_word' id='word_1_220' title='bbox 56 2846 104 2933; x_wconf 75' lang='grc' dir='ltr'><strong><em>τῷ</em></strong></span> <span class='ocrx_word' id='word_1_221' title='bbox 128 2868 162 2910; x_wconf 90' lang='grc' dir='ltr'><strong><em>τε</em></strong></span> <span class='ocrx_word' id='word_1_222' title='bbox 185 2841 252 2911; x_wconf 85' lang='grc' dir='ltr'><strong><em>ὑπὸ</em></strong></span> <span class='ocrx_word' id='word_1_223' title='bbox 273 2850 373 2910; x_wconf 88' lang='grc' dir='ltr'><strong><em>ΑΕΒ</em></strong></span> <span class='ocrx_word' id='word_1_224' title='bbox 396 2843 452 2911; x_wconf 79' lang='grc' dir='ltr'><strong><em>καὶ</em></strong></span> <span class='ocrx_word' id='word_1_225' title='bbox 475 2845 520 2934; x_wconf 79' lang='grc' dir='ltr'><strong><em>τῷ</em></strong></span> <span class='ocrx_word' id='word_1_226' title='bbox 545 2840 610 2911; x_wconf 80' lang='grc' dir='ltr'><strong><em>ἀπὸ</em></strong></span> <span class='ocrx_word' id='word_1_227' title='bbox 636 2851 706 2912; x_wconf 90' lang='grc' dir='ltr'><strong><em>ΖΕ.</em></strong></span> <span class='ocrx_word' id='word_1_228' title='bbox 741 2842 860 2912; x_wconf 82' lang='grc' dir='ltr'><strong><em>κοινὸν</em></strong></span> <span class='ocrx_word' id='word_1_229' title='bbox 884 2841 1074 2931; x_wconf 76' lang='grc' dir='ltr'><strong><em>ἀφῃρήσθω</em></strong></span> <span class='ocrx_word' id='word_1_230' title='bbox 1124 2882 1128 2888; x_wconf 28' lang='grc' dir='ltr'>ψ</span> 
     </span>
     <span class='ocr_line' id='line_1_26' title="bbox 57 2945 1075 3036; baseline -0.001 -20"><span class='ocrx_word' id='word_1_231' title='bbox 57 2947 96 3016; x_wconf 85' lang='grc' dir='ltr'><strong><em>τὸ</em></strong></span> <span class='ocrx_word' id='word_1_232' title='bbox 120 2946 186 3016; x_wconf 81' lang='grc' dir='ltr'><strong><em>ἀπὸ</em></strong></span> <span class='ocrx_word' id='word_1_233' title='bbox 211 2956 285 3015; x_wconf 89' lang='grc' dir='ltr'><strong><em>ΖΕ·</em></strong></span> <span class='ocrx_word' id='word_1_234' title='bbox 312 2947 432 3017; x_wconf 85' lang='grc' dir='ltr'><strong><em>λοιπὸν</em></strong></span> <span class='ocrx_word' id='word_1_235' title='bbox 456 2946 582 3035; x_wconf 80' lang='grc' dir='ltr'><strong><em>ἄρατὸ</em></strong></span> <span class='ocrx_word' id='word_1_236' title='bbox 607 2947 672 3017; x_wconf 87' lang='grc' dir='ltr'><strong><em>ὑπὸ</em></strong></span> <span class='ocrx_word' id='word_1_237' title='bbox 696 2957 796 3017; x_wconf 85' lang='grc' dir='ltr'><strong><em>ΑΔΒ</em></strong></span> <span class='ocrx_word' id='word_1_238' title='bbox 821 2947 900 3036; x_wconf 78' lang='grc' dir='ltr'><strong><em>μετὰ</em></strong></span> <span class='ocrx_word' id='word_1_239' title='bbox 925 2952 987 3016; x_wconf 84' lang='grc' dir='ltr'><strong><em>τοῦ</em></strong></span> <span class='ocrx_word' id='word_1_240' title='bbox 1009 2945 1075 3015; x_wconf 86' lang='grc' dir='ltr'><strong><em>ὑπὸ</em></strong></span> 
     </span>
     <span class='ocr_line' id='line_1_27' title="bbox 59 3051 1129 3145; baseline -0.001 -23"><span class='ocrx_word' id='word_1_241' title='bbox 59 3060 163 3122; x_wconf 85' lang='grc' dir='ltr'><strong><em>ΓΕΔ</em></strong></span> <span class='ocrx_word' id='word_1_242' title='bbox 186 3063 261 3122; x_wconf 74' lang='grc' dir='ltr'><strong><em>ἴσον</em></strong></span> <span class='ocrx_word' id='word_1_243' title='bbox 285 3055 376 3123; x_wconf 79' lang='grc' dir='ltr'><strong><em>ἐστὶν</em></strong></span> <span class='ocrx_word' id='word_1_244' title='bbox 399 3057 445 3145; x_wconf 79' lang='grc' dir='ltr'><strong><em>τῷ</em></strong></span> <span class='ocrx_word' id='word_1_245' title='bbox 468 3051 535 3122; x_wconf 82' lang='grc' dir='ltr'><strong><em>ὑπὸ</em></strong></span> <span class='ocrx_word' id='word_1_246' title='bbox 560 3061 669 3123; x_wconf 85' lang='grc' dir='ltr'><em>ΑΕΒ.</em></span> <span class='ocrx_word' id='word_1_247' title='bbox 1094 3088 1129 3137; x_wconf 80' lang='lat'><strong><em>25</em></strong></span> 
     </span>
    </p>
   </div>
   <div class='ocr_carea' id='block_1_8' title="bbox 58 3194 1075 3389">
    <p class='ocr_par' dir='ltr' id='par_1_9' title="bbox 58 3194 1075 3389">
     <span class='ocr_line' id='line_1_28' title="bbox 127 3194 1074 3283; baseline -0.002 -20"><span class='ocrx_word' id='word_1_248' title='bbox 127 3194 171 3263; x_wconf 79' lang='grc' dir='ltr'><strong><em>θ’.</em></strong></span> <span class='ocrx_word' id='word_1_249' title='bbox 199 3194 330 3264; x_wconf 79' lang='grc' dir='ltr'><strong><em>Εὐθεῖα</em></strong></span> <span class='ocrx_word' id='word_1_250' title='bbox 354 3194 374 3283; x_wconf 89' lang='grc' dir='ltr'><strong><em>ή</em></strong></span> <span class='ocrx_word' id='word_1_251' title='bbox 399 3204 476 3282; x_wconf 93' lang='grc' dir='ltr'><strong><em>ΑΒ,</em></strong></span> <span class='ocrx_word' id='word_1_252' title='bbox 499 3198 554 3264; x_wconf 81' lang='grc' dir='ltr'><strong><em>καὶ</em></strong></span> <span class='ocrx_word' id='word_1_253' title='bbox 578 3201 728 3265; x_wconf 79' lang='grc' dir='ltr'><strong><em>ἔστωσαν</em></strong></span> <span class='ocrx_word' id='word_1_254' title='bbox 752 3205 822 3264; x_wconf 82' lang='grc' dir='ltr'><strong><em>λ’σαι</em></strong></span> <span class='ocrx_word' id='word_1_255' title='bbox 844 3197 881 3262; x_wconf 76' lang='grc' dir='ltr'><strong><em>αἰ</em></strong></span> <span class='ocrx_word' id='word_1_256' title='bbox 903 3201 978 3280; x_wconf 92' lang='grc' dir='ltr'><strong><em>ΑΓ,</em></strong></span> <span class='ocrx_word' id='word_1_257' title='bbox 997 3201 1074 3280; x_wconf 85' lang='grc' dir='ltr'><strong><em>ΔΒ,</em></strong></span> 
     </span>
     <span class='ocr_line' id='line_1_29' title="bbox 58 3300 1075 3389; baseline -0.001 -21"><span class='ocrx_word' id='word_1_258' title='bbox 58 3302 115 3370; x_wconf 79' lang='grc' dir='ltr'><strong><em>καὶ</em></strong></span> <span class='ocrx_word' id='word_1_259' title='bbox 141 3305 263 3388; x_wconf 80' lang='grc' dir='ltr'><strong><em>μεταξὺ</em></strong></span> <span class='ocrx_word' id='word_1_260' title='bbox 286 3307 355 3371; x_wconf 77' lang='grc' dir='ltr'><strong><em>τῶν</em></strong></span> <span class='ocrx_word' id='word_1_261' title='bbox 379 3310 416 3388; x_wconf 85' lang='grc' dir='ltr'><strong><em>Γ,</em></strong></span> <span class='ocrx_word' id='word_1_262' title='bbox 438 3310 471 3368; x_wconf 84' lang='grc' dir='ltr'><em>Δ</em></span> <span class='ocrx_word' id='word_1_263' title='bbox 498 3301 650 3389; x_wconf 75' lang='grc' dir='ltr'><strong><em>εἰλήφθω</em></strong></span> <span class='ocrx_word' id='word_1_264' title='bbox 678 3302 782 3389; x_wconf 83' lang='grc' dir='ltr'><strong><em>τυχὸν</em></strong></span> <span class='ocrx_word' id='word_1_265' title='bbox 805 3315 944 3388; x_wconf 80' lang='grc' dir='ltr'><strong><em>σημεῖον</em></strong></span> <span class='ocrx_word' id='word_1_266' title='bbox 968 3300 1005 3369; x_wconf 88' lang='grc' dir='ltr'><strong><em>τὸ</em></strong></span> <span class='ocrx_word' id='word_1_267' title='bbox 1030 3309 1075 3367; x_wconf 91' lang='grc' dir='ltr'><strong><em>Ε·</em></strong></span> 
     </span>
    </p>
   </div>
   <div class='ocr_carea' id='block_1_9' title="bbox 134 3511 757 3587">
    <p class='ocr_par' dir='ltr' id='par_1_10' title="bbox 134 3511 757 3587">
     <span class='ocr_line' id='line_1_30' title="bbox 134 3511 757 3587; baseline 0 -19"><span class='ocrx_word' id='word_1_268' title='bbox 134 3520 175 3570; x_wconf 83' lang='grc'><strong><em>16.</em></strong></span> <span class='ocrx_word' id='word_1_269' title='bbox 196 3511 325 3578; x_wconf 81' lang='grc' dir='ltr'><strong><em>ὅπως-</em></strong></span> <span class='ocrx_word' id='word_1_270' title='bbox 346 3520 388 3570; x_wconf 86' lang='grc'><strong><em>17.</em></strong></span> <span class='ocrx_word' id='word_1_271' title='bbox 407 3516 535 3587; x_wconf 80' lang='grc' dir='ltr'><strong><em>σημεῖον]</em></strong></span> <span class='ocrx_word' id='word_1_272' title='bbox 555 3515 609 3570; x_wconf 85' lang='lat' dir='ltr'><strong>del.</strong></span> <span class='ocrx_word' id='word_1_273' title='bbox 628 3514 757 3570; x_wconf 76' lang='lat' dir='ltr'><strong>Hultsch.</strong></span> 
     </span>
    </p>
   </div>
   <div class='ocr_carea' id='block_1_10' title="bbox 0 0 1231 3892">
    <p class='ocr_par' dir='ltr' id='par_1_11' title="bbox 0 0 1231 3892">
     <span class='ocr_line' id='line_1_31' title="bbox 0 0 1231 3892; baseline 0 0"><span class='ocrx_word' id='word_1_274' title='bbox 0 0 1231 3892; x_wconf 95' lang='lat' dir='ltr'><strong><em> </em></strong></span> 
     </span>
    </p>
   </div>
  </div>
 </body>
</html>
