2444 3892
283 149 433 202 uurocn
451 149 715 201 oouuuumsm
731 150 772 201 ru
790 150 933 203 comcs.
1049 147 1112 211 177

102 293 208 357 basim
218 291 376 375 trianguli
385 291 681 376 perpendicularem
696 293 856 376 supponit,
870 292 984 357 deinde
994 296 1114 379 autem,

104 399 131 462 si
155 402 218 462 ΕΖ
246 402 354 463 rectae
377 400 446 462 AF
472 397 630 481 parallelo
657 396 713 481 sit,
745 398 920 464 sectionem
947 402 1052 464 ΚΕΛ
1078 401 1110 464 in

101 504 269 589 superficie
289 505 362 568 coni
380 504 570 587 parabolam
590 503 669 589 fieri,
693 505 743 567 sin
758 508 820 568 EZ
839 526 911 569 cum
930 505 1032 571 latere
1047 509 1118 571 ΑΓ

102 616 194 674 extra
214 611 367 674 uerticem
384 611 456 675 coni
476 613 646 674 concurrat
658 613 696 673 ut
709 610 743 675 in
757 616 799 691 A,
818 611 994 676 sectionem
1009 615 1113 677 ΚΕΛ

101 717 311 800 hyperbolem
337 716 421 800 fieri,
445 716 496 780 sin
520 721 628 780 autem
653 720 715 780 EZ
739 737 811 780 cum
835 719 907 781 ΑΓ
928 717 1014 781 intra
1037 739 1113 782 con-

104 825 222 905 currat,
246 822 421 887 sectionem
445 821 514 885 fieri
539 821 688 904 ellipsim,
712 842 809 904 quam
829 821 963 886 eandem
988 826 1113 886 scutum

101 932 229 993 uocant.
275 927 503 991 uniuersaliter
530 927 632 1011 igitur
655 927 831 991 diametrus
859 927 1035 1010 parabolae
1058 930 1111 991 uni

101 1035 199 1098 lateri
226 1034 385 1118 trianguli
412 1034 571 1118 parallelo
599 1037 660 1117 est,
691 1033 890 1117 hyperbolae
914 1036 1023 1096 eutem
1047 1031 1114 1097 dia-

100 1144 223 1205 metrus
243 1162 315 1205 cum
335 1141 436 1204 latere
454 1138 611 1225 trianguli
627 1140 789 1204 concurrit
803 1139 844 1204 ad
857 1142 967 1222 partes
983 1138 1114 1204 uerticis

100 1247 173 1312 coni
197 1269 323 1331 uersus,
352 1247 475 1331 ellipsis
504 1250 611 1310 eutem
637 1245 813 1310 diametrus
837 1267 910 1310 cum
934 1246 1036 1309 latere
1059 1245 1115 1309 tri-

101 1354 213 1437 anguli
233 1354 398 1419 concurrit
417 1353 456 1418 ad
472 1356 580 1436 partes
599 1353 687 1417 basis
706 1375 829 1418 uersus.
863 1356 897 1416 et
910 1351 972 1416 hoc
987 1373 1114 1436 quoque

99 1462 179 1526 scire
192 1464 328 1544 oportet,
344 1460 531 1544 parabolam
546 1459 823 1544 hyperbolamque
833 1481 944 1524 earum
956 1458 1114 1522 linearum

101 1589 183 1650 esse,
216 1589 298 1652 quae
327 1569 361 1631 in
389 1567 551 1631 infinitum
580 1571 741 1650 crescant,
774 1567 913 1650 ellipsim
941 1587 1020 1630 uero
1048 1586 1113 1630 non

101 1695 183 1756 esse3
208 1695 245 1736 ea
270 1673 354 1736 enim
377 1677 449 1737 tota
471 1675 506 1736 in
530 1694 564 1737 se
587 1672 725 1736 recurrit
748 1673 832 1737 sicut
854 1672 1003 1737 circulus.

170 1779 233 1844 Sed
257 1800 328 1842 cum
353 1780 534 1860 complures
562 1782 691 1841 exstent
717 1777 888 1863 editiones,
918 1783 954 1842 ut
982 1778 1052 1862 ipse
1079 1778 1114 1841 in

102 1885 242 1967 epistula
273 1885 352 1948 dicit
384 1884 413 1964 [I
438 1906 468 1965 p.
493 1885 527 1965 2,
552 1884 681 1966 18sq.]‚
714 1904 768 1946 eas
801 1884 834 1946 in
868 1906 965 1948 unum
998 1905 1114 1969 cogere

103 1992 204 2056 malui
228 1990 367 2054 clariora
390 2010 429 2052 ex
452 1988 506 2070 iis,
535 2009 616 2068 quae
644 1986 725 2050 mihi
753 2008 822 2051 sese
851 1989 1050 2074 obtulerant,
1079 1990 1114 2052 in

101 2099 202 2163 uerba
227 2094 394 2177 scriptoris
420 2092 592 2175 recipiens,
620 2095 657 2155 ut
684 2091 847 2157 institutio
870 2093 999 2157 facilior
1022 2098 1115 2179 esset,

101 2204 212 2267 uarios
236 2203 346 2264 autem
370 2198 615 2263 demonstrandi
638 2197 760 2282 modos,
783 2202 821 2262 ut
842 2202 1000 2283 parerat,
1022 2204 1115 2265 extra

101 2311 135 2372 in
159 2308 290 2372 scholiis
315 2328 334 2370 a
357 2327 408 2369 me
432 2305 622 2389 compositis
645 2305 798 2370 indicare.

171 2414 249 2477 dicit
270 2412 373 2497 igitur
394 2412 428 2475 in
452 2411 602 2495 epistula,
623 2412 749 2495 priores
769 2415 924 2496 quattuor
945 2413 1047 2479 libros
1065 2414 1115 2478 in-

100 2522 304 2586 stitutionem
334 2521 561 2584 elementarem
594 2519 772 2602 continere3
805 2540 942 2603 quorum
974 2521 1114 2604 primum

101 2628 243 2712 origines
271 2627 371 2690 trium
399 2625 580 2690 sectionum
607 2625 680 2689 coni
702 2627 1003 2710 oppositarumque,
1032 2649 1113 2710 quae

100 2735 266 2816 uocantur,
290 2736 327 2796 et
350 2733 614 2817 proprietates
633 2753 760 2795 earum
778 2732 1019 2815 principales
1039 2753 1114 2797 con-

100 2840 204 2904 tinere
228 2838 258 2919 [I
281 2862 311 2921 p.
330 2840 362 2922 4,
383 2839 482 2923 lsq.].
530 2858 587 2903 eae
609 2858 686 2901 uero
711 2841 801 2920 sunt,
826 2860 1034 2922 quaecunque
1058 2860 1115 2921 per

99 2947 237 3028 primam
267 2944 397 3008 illarum
421 2944 579 3028 originem
603 2944 770 3030 eueniunt;
801 2967 878 3009 nam
907 2945 1005 3009 ctiam
1033 2943 1113 3010 alias

102 3051 258 3135 quasdam
283 3050 527 3132 consequentias
550 3050 681 3114 habent.
727 3051 830 3114 alter
854 3054 994 3134 autem,
1020 3073 1114 3135 quae

102 3231 195 3237 --.-.-.
207 3229 1114 3237 ————-——————.—-—-—=

137 3357 179 3404 18.
200 3347 303 3419 ἅμινοιι
320 3348 366 3404 W.
423 3354 464 3402 19.
485 3343 678 3403 ἐπιπιπτόντων
696 3347 742 3402 W.
802 3352 845 3403 23.
865 3349 953 3418 φησίν
970 3348 1016 3405 W.
1070 3355 1113 3404 24.

100 3422 207 3494 βιβλία]
227 3427 352 3489 στοιχεῖα
370 3436 397 3487 p.
463 3417 589 3488 περιέχει
606 3419 652 3475 W.
716 3417 892 3490 στοιχειώδη]
911 3418 1023 3490 Halley‚
1042 3437 1113 3475 στοι·

100 3496 185 3562 χείωι
205 3489 244 3546 δι’
266 3491 334 3560 Wp.
406 3495 449 3545 26.
469 3489 595 3560 περιέχει
612 3490 723 3559 Halley.

154 3590 342 3643 Apollonius,
357 3590 392 3631 ed
406 3590 516 3641 Helberg.
534 3590 566 3630 11.
919 3584 952 3633 12
