2444 3892
218 132 220 136 ‘
290 156 440 209 nuroorr
459 155 722 209 commissam
738 158 778 210 nr
797 156 938 211 comcs.
1048 154 1112 218 171

102 299 294 383 parabolam
328 301 461 384 uocant,
493 299 528 362 in
560 298 791 384 obtusiangulo
823 298 1049 384 hyperbolem,
1081 299 1116 364 in

103 404 312 488 acutiangulo
341 404 498 488 ellipsim3
531 407 564 469 et
592 403 752 469 sectiones
780 404 853 470 illas
882 405 968 490 apud
990 427 1044 471 eos
1067 404 1115 469 ita

102 511 328 574 denominatas
352 509 507 574 inuenies,
555 509 639 574 sicut
661 510 771 595 igitur,
794 531 868 575 cum
890 514 1018 576 ueteres
1040 532 1114 594 pro-

102 616 297 700 positionem
320 615 359 680 de
383 615 512 700 angulis
532 615 657 680 duobus
676 615 772 680 rectis
792 616 979 700 aequalibus
997 617 1032 680 in
1050 615 1114 680 sin·

104 722 189 806 gulis
224 722 396 808 generibus
425 721 583 806 trianguli
614 721 881 806 inuestigassent,
912 721 1053 805 primum
1080 723 1115 785 in

106 828 310 912 aequilatero,
333 831 449 910 postea
471 828 506 891 in
529 828 739 912 aequicrurio,
764 827 878 892 deinde
897 848 974 891 uero
994 827 1029 889 in
1048 848 1115 890 sea·

102 935 190 1018 leno,
222 935 416 998 recentiores
449 931 706 1017 propositionem
738 931 955 997 uniuersalem
988 930 1115 995 demon·

104 1042 291 1103 strauerunt
322 1040 437 1103 talem:
470 1037 611 1103 cuiusuis
643 1037 801 1122 trianguli
832 1041 898 1102 tres
929 1036 1041 1122 anguli
1067 1037 1115 1101 in-

103 1146 239 1209 teriores
264 1144 390 1208 duobus
415 1144 512 1209 rectis
537 1145 687 1228 aequales
711 1148 788 1209 sunt
812 1142 1046 1227 [Eu01.1‚32],
1069 1143 1117 1207 ita

104 1252 202 1315 etiam
226 1250 261 1313 in
285 1251 359 1314 coni
383 1249 579 1314 sectionibus
602 1249 725 1314 factum
749 1253 811 1333 est;
835 1249 1010 1315 sectionem
1030 1248 1116 1313 enim

102 1356 284 1440 rectanguli
308 1356 382 1420 coni
406 1377 489 1440 quae
512 1359 648 1421 uocatur
670 1356 704 1420 in
728 1357 799 1421 solo
820 1377 901 1421 cono
925 1356 1115 1440 rectangulo

101 1462 391 1546 perscrutabantur
414 1465 501 1527 secto
523 1463 622 1546 plano
647 1463 687 1526 ad
706 1463 793 1526 latus
812 1462 886 1527 coni
908 1461 1116 1546 perpendicu-

100 1570 171 1654 lari,
195 1569 370 1632 sectionem
395 1571 503 1633 autem
523 1569 597 1633 coni
616 1568 840 1653 obtusianguli
863 1569 897 1633 in
916 1590 997 1634 oono
1022 1568 1115 1633 obtu-

100 1675 263 1760 siangulo,
292 1674 467 1739 sectionem
492 1678 601 1739 autem
624 1676 824 1760 acutianguli
847 1675 882 1738 in
906 1675 1114 1760 acutiangulo

101 1780 179 1845 oriri
202 1780 469 1845 demonstrabant
491 1781 527 1843 in
545 1780 695 1846 omnibus
719 1783 809 1846 conis
834 1780 983 1844 similiter
1006 1781 1113 1865 planis

101 1885 252 1951 adlatus
281 1884 355 1950 coni
380 1885 698 1968 perpendicularibus
723 1885 842 1967 ductis3
869 1885 902 1949 id
930 1886 1016 1969 quod
1043 1888 1115 1970 ipsa

102 1993 234 2056 nomina
257 1991 415 2055 linearum
438 1990 568 2053 illarum
591 1989 726 2073 antiqua
746 1989 870 2053 docent.
905 1993 1019 2074 postea
1036 2014 1114 2057 uero

100 2096 296 2180 Apollonius
310 2094 474 2178 Pergaeus
493 2092 722 2157 uniuersaliter
737 2092 961 2180 inuestigeuit,
982 2094 1016 2159 in
1036 2117 1114 2179 quo-

100 2203 151 2265 uis
171 2222 253 2267 cono
278 2208 310 2265 et
327 2202 417 2264 recto
437 2202 470 2263 et
489 2199 617 2264 scaleno
636 2220 747 2264 omnes
767 2197 927 2263 sectiones
945 2199 1018 2262 illas
1035 2199 1114 2264 oriri

100 2307 277 2371 seeundum
304 2305 430 2370 uariam
458 2305 547 2389 plani
577 2305 617 2370 ad
641 2326 757 2370 conum
780 2303 991 2390 positionem;
1018 2327 1114 2389 quem

100 2413 255 2478 admirati
273 2413 426 2497 aequales
450 2411 492 2477 ob
512 2411 702 2476 admiranda
719 2411 923 2476 theoremata
942 2411 1053 2476 conica
1071 2411 1112 2476 ab

103 2541 142 2585 eo
162 2519 384 2584 demonstrata
402 2539 558 2602 magnum
574 2521 774 2605 geometram
790 2516 1007 2601 adpellabant.
1034 2517 1115 2583 haec

100 2625 202 2710 igitur
217 2624 371 2690 Geminus
390 2626 424 2689 in
443 2626 528 2690 libro
548 2629 639 2689 sexto
660 2624 699 2688 de
719 2623 855 2689 scientia
869 2623 1113 2707 mathematica3

100 2736 134 2795 et
157 2752 238 2813 quae
262 2731 353 2815 dicit,
380 2753 441 2796 nos
469 2733 505 2796 in
528 2731 641 2817 figuris
670 2729 756 2795 infra
779 2729 949 2813 descriptis
973 2729 1116 2794 illustra-

99 2836 216 2901 bimus,

168 2943 211 3006 sit
234 2945 338 3006 ΑΒΓ
360 2942 544 3028 triangulus
572 2966 630 3027 per
653 2965 746 3008 axem
775 2943 848 3008 coni
872 2942 1010 3026 posituS,
1039 2946 1072 3006 et
1095 2964 1116 3007 a

103 3221 154 3259 scr.
170 3203 200 3258 in
213 3222 267 3259 ras.
281 3203 339 3259 W1.
403 3210 442 3259 14.
464 3199 508 3275 ἐν]
527 3222 561 3271 u,
581 3221 635 3261 om.
650 3204 718 3275 Wp.
781 3210 822 3259 15.
841 3202 1053 3260 ἅποὸείκνυσαν
1068 3204 1113 3271 W,

102 3291 172 3331 corr.
187 3276 235 3329 W¹
310 3281 351 3330 18.
370 3271 416 3345 roi]
437 3292 465 3343 p,
484 3290 538 3331 om.
554 3276 599 3330 W.
673 3281 714 3330 19.
734 3275 863 3330 καθόλου
883 3281 973 3331 -20,
995 3272 1025 3329 ἐν
1044 3274 1113 3346 π-]

102 3362 130 3413 p,
148 3345 206 3400 W1.
279 3351 322 3401 al.
343 3343 414 3400 εἰσιν
432 3346 477 3400 W.
550 3351 593 3401 23.
613 3347 743 3414 δεδειγ-
762 3346 792 3400 in
809 3362 864 3402 ras.
882 3365 920 3401 m.
941 3352 955 3400 1
974 3346 1013 3400 W
1070 3351 1114 3401 24.

102 3417 242 3487 κωνικῶν]
261 3416 332 3485 Wp,
352 3434 408 3486 mg.
425 3412 456 3471 ἐν
471 3411 544 3488 ἄλλῳ
559 3418 723 3471 καθολικῶν
741 3434 778 3471 m.
791 3422 804 3468 1
819 3434 848 3485 p,
867 3416 924 3474 W¹.
998 3423 1041 3471 25.
1062 3421 1115 3472 Γε-

103 3489 194 3559 μῖνος]
214 3505 271 3554 111,
292 3492 412 3557 Γεμινος
434 3487 478 3555 W,
498 3489 618 3558 Γεμῖνος
635 3505 662 3556 p.
