2444 3892
163 126 229 192 308
444 122 707 176 COMMENTARIA
725 120 894 184 ANTIQUA.

164 275 260 353 ληλοι
297 268 334 333 αί
355 270 436 349 ΓΗ,
460 270 542 347 ΔΖ,
569 259 635 329 ’καὶ
666 260 910 348 τετμήσθωσαν
941 264 1021 349 δίχα
1053 265 1090 330 αί
1118 261 1169 350 μὲν

164 380 240 458 ΓΒ,
257 379 328 438 ΔΕ
343 368 425 439 κατὰ
445 368 486 437 τὰ
505 375 544 455 Θ,
559 375 603 453 Κ,
623 370 660 435 αἱ
676 365 714 435 δὲ
733 372 811 454 ΓΗ,
826 374 893 434 ΔΖ
911 365 995 437 κατὰ
1014 367 1056 436 τὰ
1075 377 1117 457 Λ,
1130 377 1171 456 Μ,

164 480 220 546 καὶ
243 477 496 565 ἐπεζεύχθωσαν
518 477 556 542 αί
578 479 654 559 ΘΚ,
681 480 760 542 ΛΜ.

233 589 264 652 εί
290 583 349 670 μὲν
378 574 440 651 οὖν
468 584 571 649 πᾶσαι
600 583 638 647 αί
657 583 697 669 τῇ
716 585 783 646 ΒΓ
801 579 1013 669 παράλληλοι
1035 579 1104 652 ὑπὸ
1126 587 1176 670 της

131 707 147 756 σ
166 697 231 758 ΚΘ
254 691 523 776 διχοτομοῦνται,
545 689 650 755 πᾶσαι
673 685 711 754 δὲ
730 689 768 752 αί
783 695 824 775 τῇ
843 692 917 756 ΓΗ
928 683 997 756 ὑπὸ
1018 691 1079 776 της
1098 696 1177 771 ΜΛ,

166 803 226 884 μία
254 796 322 865 ἐστὶ
349 798 418 864 τῶν
445 797 507 862 τοῦ
533 791 648 860 κιόνου
675 794 789 879 τομῶν
816 789 837 881 η
861 797 964 861 ΒΑΓ
984 795 1178 884 διαμέτρους

167 908 289 989 ἔχουσα
307 897 365 980 τὰς
387 906 465 984 ΘΚ,
488 904 574 984 ΜΛ,
597 902 629 966 εί
650 897 688 966 δὲ
711 896 767 985 μή,
791 896 843 967 οὕ.

233 1006 334 1075 πάλιν
349 1007 397 1094 δέ,
416 1010 497 1073 ποία
510 1007 578 1072 τῶν
594 991 614 1071 δ
631 1007 732 1090 ἐστίν,
751 1001 951 1094 εὑρίσκομεν
967 1006 1181 1093 ἐκβάλλοντες

167 1120 215 1195 είς
237 1111 377 1201 ἄπειρον
401 1108 455 1198 ἐφ’
481 1109 618 1198 ἑκάτερα
640 1107 681 1179 τὰ
702 1110 787 1198 μέρη
810 1109 869 1191 τὰς
894 1115 972 1198 ΘΚ,
987 1117 1074 1182 ΛΜ.
1115 1111 1182 1201 ἤτοι

117 1237 149 1285 10
168 1219 231 1308 γὰρ
261 1217 473 1307 παράλληλοί
496 1221 598 1302 είσιν,
625 1220 685 1284 καί
709 1218 779 1285 ἐστι
803 1215 995 1305 παραβολή,
1024 1217 1046 1305 ἢ
1072 1219 1128 1288 ἐπὶ
1148 1216 1182 1288 τὰ

168 1333 207 1410 Θ,
226 1331 257 1392 Λ
280 1325 362 1413 με’ρη
383 1329 640 1410 συμπίπτουσιν,
663 1326 722 1390 καί
738 1323 829 1390 ἐστιν
849 1328 995 1404 ἔλλειψις
1013 1319 1035 1411 ἢ
1054 1327 1182 1411 κύκλος,

168 1426 189 1516 ἢ
214 1429 268 1497 ἐπὶ
290 1428 331 1497 τδι
350 1431 456 1517 ἔτερα,
478 1434 538 1495 καί
558 1430 649 1495 ἐστιν
671 1423 850 1515 ὑπερβολή.
892 1428 955 1516 την
978 1428 1018 1515 δὲ
1037 1434 1183 1512 ἔλλειψιν

169 1547 230 1603 τοῦ
257 1535 384 1602 κύκλου
410 1537 650 1620 διακρινοῦμεν
678 1531 744 1600 ἀπὸ
773 1536 835 1600 τοῦ
858 1539 1000 1621 σημείου
1021 1540 1084 1623 τῆς
1108 1556 1181 1625 συμ-

168 1641 324 1717 πτώσεως
341 1641 410 1706 τῶν
428 1646 461 1705 Α
467 1643 507 1723 Θ,
525 1643 565 1704 Ν
566 1644 607 1724 Λ,
633 1635 712 1726 ὅπερ
730 1639 873 1727 κε’ντρον
891 1644 1027 1726 γίνεται.
1079 1648 1113 1711 εί
1128 1643 1185 1732 μὲν

118 1763 151 1811 ισ
169 1745 233 1833 γὰρ
257 1752 326 1811 ίσαι
350 1744 436 1812 είσὶν
460 1747 498 1810 αί
518 1740 575 1811 ἀπ’
603 1741 707 1812 αὐτοῦ
731 1747 814 1833 πρὸς
830 1747 894 1833 τὴν
912 1747 1073 1835 γραμμὴν
1091 1773 1184 1839 προς·

169 1857 362 1937 πίπτουσαι,
381 1854 499 1938 δῆλον,
519 1848 570 1920 ὅτι
588 1849 715 1919 κύκλου
735 1852 805 1920 ἐστὶ
823 1853 1019 1941 περιφέρεια
1036 1852 1060 1941 ἡ
1081 1860 1185 1941 ΑΒΓ,

170 1963 201 2025 εί
223 1958 260 2027 δὲ
283 1957 340 2046 μή,
363 1963 515 2040 ἔλλειψις.
1043 2050 1049 2059 Ι

229 2064 346 2134 Ἔστιν
370 2062 472 2145 αὐτὰς
496 2068 666 2153 διακρῖναι
688 2064 744 2132 καὶ
766 2065 875 2144 ἄλλως
898 2062 963 2133 ἀπὸ
985 2077 1055 2134 τῶν
1079 2093 1187 2154 τεταγ-

172 2172 280 2256 μένως
304 2173 356 2241 ἐπὶ
379 2171 443 2259 τὴν
467 2173 646 2258 διάμετρον
664 2172 912 2258 καταγομένων,
936 2165 1102 2242 οἷοντῶν
1120 2179 1187 2259 ΓΘ,

118 2294 153 2343 20
171 2285 251 2346 ΔΚ.
296 2283 328 2346 εί
354 2277 416 2364 μὲν
443 2276 508 2363 γὰρ
536 2286 605 2361 είη,
634 2273 680 2356 ὡς
707 2281 744 2345 τὸ
773 2274 838 2346 ἀπὸ
861 2284 926 2346 ΓΘ
952 2282 1036 2367 πρὸς
1059 2283 1099 2348 τὸ
1123 2279 1187 2348 ἀπὸ

171 2390 259 2469 ΔΚ,
288 2380 394 2463 οὕτως
416 2380 437 2468 ἡ
462 2390 528 2449 ΘΑ
549 2382 634 2467 πρὸς
656 2389 743 2469 ΑΚ,
771 2383 945 2473 παραβολή
969 2386 1078 2468 ἐστιν,
1103 2390 1134 2455 εί
1155 2386 1189 2454 δὲ

171 2516 208 2556 το
243 2485 308 2556 ἆπδ
342 2495 408 2557 ΘΓ
434 2487 517 2576 πρὸς
548 2485 585 2555 τὸ
619 2485 684 2556 ἀπὸ
714 2496 788 2556 ΔΚ
817 2495 951 2576 μείζονα
983 2491 1092 2578 λόγον
1124 2497 1188 2581 ἔχει

170 2595 255 2682 ἤπερ
287 2591 308 2680 ἡ
341 2602 407 2661 ΘΑ
438 2592 523 2679 πρὸς
549 2599 634 2678 ΑΚ,
667 2591 852 2682 ὑπερβολή,
885 2600 917 2663 εί
948 2596 985 2665 δὲ
1019 2597 1189 2684 ἐλάττονα,

172 2706 323 2779 ἔλλειψις.

117 2820 153 2868 25
238 2805 307 2871 Καὶ
335 2802 401 2872 ιἰπδ
428 2808 496 2872 τῶν
524 2806 765 2893 ἐφαπτομίνων
795 2806 944 2876 δυνατόν
972 2810 1065 2879 ἐστιν
1089 2810 1189 2892 αὐτὰς

172 2912 341 2996 διακρῖναι
360 2908 639 2996 ἀναμνησθέντας
656 2917 726 2982 τῶν
745 2914 931 3000 εἰρημένων
949 2911 1068 2996 αὐταῖς
1086 2917 1190 3003 ὑπάρ-

171 3041 242 3101 χειν
265 3013 432 3101 ἀνωτέρω.

243 3215 267 3263 2.
288 3209 325 3280 Θ]
344 3213 398 3264 ΑΘ
417 3211 486 3280 Wp,
506 3229 575 3269 corr.
596 3212 701 3269 Comm.
762 3221 786 3269 6.
807 3209 882 3268 ἐστίν
901 3215 946 3269 W.
1005 3217 1184 3289 διαμέτρους]

170 3298 198 3349 p,
218 3297 286 3336 corr.
307 3297 341 3334 ex
360 3279 511 3351 διάμετρος
528 3301 564 3339 m.
586 3289 599 3337 1
619 3284 665 3340 W.
753 3291 777 3340 λ.
803 3282 848 3356 δέ]
868 3284 969 3355 scripsi
988 3302 1053 3341 cum
1073 3287 1188 3354 comm„

171 3351 225 3422 ηοίρ
243 3351 313 3422 Wp.
406 3359 447 3407 10.
472 3349 543 3437 ἐστι]
567 3350 643 3409 ἔστιν
671 3357 716 3410 W.
809 3360 850 3410 11.
875 3357 1097 3432 συμπίπτουσιν]
1123 3377 1187 3430 σαμ-

171 3460 310 3514 πίπτωσιν
329 3459 373 3527 W,
394 3445 509 3530 σίμπτδι
528 3478 560 3529 p,
581 3477 651 3516 corr.
669 3459 780 3530 Halley.
849 3468 891 3516 14.
911 3464 975 3528 ΑΘ,
989 3465 1022 3516 N
1024 3465 1061 3536 A]
1082 3464 1187 3537 scripsi,
