2444 3892
149 142 212 206 164
427 141 690 194 σοοωωυυεῑιω
707 141 876 205 mmm.

213 282 282 351 ἐπεὶ
311 283 376 368 γὰρ
404 286 441 349 τὸ
469 278 533 348 ὑπὸ
558 289 664 349 ΑΕΔ
692 237 768 348 λσον
801 279 891 348 ἐστὶν
922 283 968 372 τῷ
995 281 1061 349 ἀπὸ
1093 288 1171 367 ΕΓ,

148 386 316 474 ἀνάλογον
341 390 443 472 [Eucl.
457 389 515 473 VI,
536 391 590 472 17]
614 387 670 454 καὶ
694 382 939 475 ἀναστρέψαντι
962 386 1019 452 καὶ
1042 387 1099 467 δὶς
1124 388 1168 455 τὰ

300 512 997 565 ΑΓΔΕΒ

308 582 311 618 Ι
499 580 745 618 1--1--1
985 580 988 616 Ι

149 651 319 740 ἡγούμενα
341 653 396 721 καὶ
421 657 578 721 διελόντι·
602 656 692 718 ἔστιν
711 649 787 737 ἀρα,
812 647 857 730 ὡς
874 647 895 737 ἡ
915 657 977 718 ΒΑ
999 655 1084 738 πρὸς
1103 655 1169 740 τὴν

150 766 224 846 ΑΓ,
249 757 354 839 οὕτως
377 756 397 845 ἡ
422 765 485 825 ΒΔ
507 761 590 847 πρὸς
613 762 687 824 ΔΓ.

115 932 131 980 5
219 918 275 1004 ιβ’.
303 917 412 986 Ἔστω
436 916 538 985 πάλιν
561 919 598 984 τὸ
623 914 687 985 ὑπὸ
711 921 807 982 ΒΓΔ
834 923 909 982 ίσον
933 918 978 1008 τῷ
1002 912 1069 983 ἀπὸ
1093 923 1170 1004 ΓΕ,

152 1033 207 1111 ἴση
237 1024 274 1092 δὲ
300 1022 321 1111 ἡ
346 1029 415 1091 AP
437 1025 477 1111 τῇ
501 1027 577 1089 ΓΕ·
611 1019 662 1089 ὅτι
689 1025 726 1089 τὸ
754 1019 819 1088 ὑπὸ
843 1028 948 1088 ΑΒΕ
975 1028 1049 1089 ἴσον
1076 1024 1170 1092 ἐστὶν

151 1135 196 1223 τῷ
220 1129 285 1199 ὑπὸ
308 1136 414 1199 ΓΒΔ.

382 1241 404 1290 A
575 1237 602 1287 Γ
703 1238 729 1287 Δ
779 1236 804 1287 Ε
912 1238 933 1286 Β

219 1377 289 1446 ἐπεὶ
321 1375 384 1462 γὰρ
412 1380 449 1444 τὸ
479 1375 544 1443 ὑπὸ
575 1380 669 1442 ΒΓΔ
702 1382 777 1442 ίσον
806 1374 897 1442 ἐστὶν
924 1378 970 1465 τῷ
999 1373 1064 1444 ἀπὸ
1095 1381 1169 1464 ΓΕ,

154 1480 324 1568 ἀνάλογόν
354 1482 444 1547 ἐστιν
470 1483 574 1564 [Euel.
593 1481 650 1566 VI,
676 1484 748 1565 17],
781 1477 826 1558 ὡς
852 1476 873 1566 ἡ
898 1486 965 1547 ΒΓ
987 1485 1071 1567 πρὸς
1093 1488 1169 1567 ΓΕ,

102 1603 134 1652 10
153 1588 323 1656 τουτέστιν
342 1591 424 1675 πρὸς
442 1585 503 1672 τὴν
519 1593 589 1672 ΓΑ,
610 1584 716 1666 οὕτως
734 1584 754 1673 ἡ
771 1592 843 1671 ΓΕ,
864 1588 1034 1655 τουτέστιν
1053 1587 1075 1674 ἡ
1092 1595 1169 1674 ΑΓ,

153 1696 235 1781 πρὸς
261 1690 323 1778 τὴν
352 1698 425 1759 ΓΔ·
461 1697 515 1760 καλ
543 1690 604 1779 ὅλη
632 1698 715 1779 πρὸς
742 1690 826 1779 ὅλην
851 1694 954 1776 [Eucl.
972 1695 1012 1780 V,
1033 1697 1088 1779 12]
1113 1695 1171 1762 καὶ

154 1794 401 1884 ἀναστρέψαντι
420 1800 474 1866 καὶ
494 1804 619 1886 χωρίον
637 1804 747 1890 χωρίῳ
769 1800 941 1886 [Eucl.VI,
957 1802 1026 1882 16]·
1044 1803 1082 1867 τὸ
1102 1798 1170 1887 ἀρα

154 1900 219 1971 ὑπὸ
243 1909 348 1970 ΑΒΕ
370 1913 446 1973 λ’σον
470 1905 561 1973 ἐστὶν
584 1908 629 1997 τῷ
653 1903 718 1973 ὑπὸ
742 1910 848 1972 ΓΒΔ.

222 2015 370 2097 φανερὸν
400 2013 452 2097 δέ,
486 2009 538 2079 ὅτι
565 2012 620 2079 καὶ
648 2016 685 2080 τὸ
709 2008 773 2079 ὑπὸ
797 2017 904 2077 ΑΔΕ
931 2018 1006 2077 ίσον
1029 2011 1100 2078 ἐστὶ
1122 2016 1170 2104 τῷ

103 2131 136 2181 15
156 2113 220 2184 ὑπὸ
240 2124 352 2184 ΒΔΓ·
377 2115 437 2185 έάν
457 2115 520 2206 γὰρ
540 2116 711 2205 ἀφαιρεθῇ
735 2121 771 2184 τὸ
796 2115 860 2184 ἀπὸ
879 2121 941 2183 ΓΔ
963 2119 1081 2183 κοινὸν
1103 2116 1170 2185 ἀπὸ

155 2226 213 2308 τῆς
236 2227 296 2291 τοῦ
321 2223 385 2291 ἀπὸ
404 2229 470 2291 ΓΕ
490 2227 572 2310 πρὸς
595 2228 632 2291 τὸ
652 2220 716 2290 ὑπὸ
736 2229 831 2290 ΒΓΔ
855 2222 1016 2308 ἰσότητος,
1040 2229 1172 2307 γίνεται

158 2330 320 2413 [Ευο1.ἸΙ,
340 2333 373 2417 33
397 2331 440 2410 II,
459 2331 504 2412 5].

224 2486 280 2573 ιγ’.
308 2490 368 2565 Είς
388 2484 450 2552 δύο
471 2486 704 2572 παραλλήλους
722 2484 780 2564 τὰς
798 2494 874 2570 ΑΒ,
891 2492 951 2554 ΓΔ
975 2486 1031 2554 ὃιά
1049 2514 1085 2556 τε
1108 2496 1173 2559 τοῦ

158 2588 264 2659 αὐτοῦ
301 2597 440 2678 σημείου
475 2595 537 2658 τοῦ
568 2598 600 2657 Ε
634 2603 721 2677 τρεῖς
757 2587 954 2679 διήχθωσαν
992 2596 1029 2659 αί
1054 2602 1173 2682 ΑΕΔ,

105 2709 139 2758 20
159 2702 264 2777 BEP,
280 2703 396 2762 ΖΕΗ·
421 2696 472 2763 ὅτι
492 2698 593 2782 ἐστίν,
618 2694 662 2777 ὡς
679 2700 716 2764 τὸ
735 2693 800 2764 ὑπὸ
820 2705 920 2765 ΑΕΒ
942 2703 1025 2785 πρὸς
1047 2704 1085 2768 τὸ
1104 2698 1172 2771 ὑπὸ

163 2806 267 2884 ΑΖΒ,
292 2797 398 2879 οὕτως
420 2804 457 2867 τὸ
480 2797 546 2868 ὑπὸ
571 2807 672 2869 ΓΕΔ
693 2806 776 2889 πρὸς
799 2806 835 2870 τὸ
860 2801 924 2872 ὑπὸ
949 2810 1061 2872 ΓΗΔ.

226 2903 282 2973 διὰ
305 2912 366 2971 τοῦ
390 2907 605 2993 συνημμένον
628 2907 790 2994 φανερόν·
820 2906 864 2988 ὡς
887 2908 948 2995 μέν
971 2907 1035 2996 γὰρ
1059 2909 1079 2996 ἡ
1105 2922 1176 2981 ΑΕ

158 3013 241 3097 πρὸς
263 3007 325 3095 τὴν
348 3015 430 3093 ΕΔ,
460 3008 565 3091 οὕτως
588 3010 608 3098 ἡ
632 3021 697 3081 ΑΖ
719 3017 801 3100 πρὸς
824 3010 884 3099 τὴν
908 3021 996 3100 ΗΔ,
1021 3013 1064 3096 ὡς
1089 3018 1127 3086 δὲ
1151 3016 1171 3104 η

160 3124 227 3183 ΒΕ
246 3119 328 3204 πρὸς
351 3111 413 3200 τὴν
433 3123 506 3202 ΕΓ,
531 3116 637 3198 οὕτως
659 3118 680 3205 ἡ
705 3127 765 3187 ΖΒ
788 3122 870 3206 πρὸς
892 3119 953 3205 τὴν
975 3127 1049 3188 ΗΓ
1068 3126 1173 3206 [Euel.

107 3236 141 3286 25
161 3224 217 3308 VI,
236 3227 281 3307 4],
305 3221 361 3288 καὶ
386 3220 553 3307 σύγκειται
578 3225 612 3291 ἐκ
635 3223 764 3293 τούτων
787 3222 827 3290 τὰ
846 3230 962 3312 χωρία·
985 3229 1077 3313 μένει
1097 3230 1172 3317 ἀρα.

233 3473 275 3523 25.
295 3469 387 3540 μένει]
407 3469 514 3540 scripsi,
533 3467 585 3541 μὲν
604 3481 617 3523 ῖ
633 3470 723 3539 codd,
741 3471 850 3539 γίνεται
868 3472 994 3528 Hultsch.
