2452 3900
132 142 197 208 196
413 143 679 196 αοαιιωανωιιι
695 144 865 209 mmm.

132 286 199 372 ἄρα
230 288 290 372 τῆς
317 292 386 353 ΑΕ
415 290 537 372 μείζων
564 286 665 354 ἐστίν.
714 284 817 353 πάλιν
851 286 920 354 ἐπεὶ
948 281 970 372 ἡ
998 291 1069 352 AE
1095 288 1156 372 τῆς

131 399 196 460 ΕΒ
220 394 311 460 ἐστιν
339 391 503 477 ἐλάσσων,
526 390 623 477 κοινὴ
649 390 686 459 δὲ
709 391 870 478 καὶπρὸς
894 387 1004 475 ὀρθάς
1027 389 1049 477 ἡ
1074 398 1154 476 ΕΔ,

131 498 229 586 βάσις
257 497 323 585 άρα
350 493 371 583 ἡ
396 504 466 564 ΔΑ
494 500 552 581 τῆς
576 503 644 564 ΒΔ
672 499 763 565 ἐστιν
786 496 947 565 ἐλάσσων.
993 496 1063 565 ἐπεὶ
1089 489 1154 566 οὖν

132 602 153 691 ἡ
178 612 246 673 ΔΘ
268 608 327 691 της
349 610 417 670 ΔΖ
440 605 531 671 ἐστιν
556 603 723 688 ἐλάσσων,
747 599 768 690 ἡ
793 602 830 670 δὲ
853 611 920 670 ΔΖ
942 613 1001 691 τῆς
1024 611 1108 691 ΔΑ,
1132 601 1154 690 ἡ

97 711 173 780 σθὲ
198 720 268 779 ΔΑ
289 715 349 798 τῆς
372 718 454 796 ΔΒ,
482 711 635 798 ἐλαχίστη
659 712 720 797 μέν
744 711 835 778 ἐστιν
858 706 879 797 ἡ
904 718 986 795 ΔΘ,
1014 714 1155 798 μεγίστη

135 817 173 887 δέ
196 815 216 906 ἡ
241 824 324 903 ΔΒ,
347 817 399 885 ιἰελ
424 816 461 885 δὲ
484 813 505 904 ἡ
530 821 645 903 ἔγγιον
666 817 723 884 καὶ
746 815 785 884 τά
810 817 894 903 ἑξῆς.

202 920 287 992 άλλά
317 923 360 1011 δὴ
387 920 408 1011 ἡ
437 924 579 1004 κάθετος
605 924 747 992 πιπτέτω
777 925 870 1003 ἐντὸς
897 927 958 991 τοῦ
981 929 1158 991 ΑΒΓΗΖ

134 1030 261 1099 κύκλον
286 1027 330 1111 ὡς
354 1030 407 1099 ἐπὶ
429 1040 489 1117 τῆς
510 1035 623 1118 τρίτης
645 1040 862 1118 καταγραφῆς
884 1026 904 1115 ἡ
928 1037 1010 1115 ΔΕ,
1033 1030 1090 1097 καὶ
1115 1035 1158 1098 εί

135 1138 259 1225 λήφθω
286 1141 324 1206 τὸ
353 1138 494 1224 κέντρον
519 1140 581 1205 τοῦ
604 1136 730 1205 κύκλον
752 1140 789 1204 τὸ
813 1141 859 1222 Κ,
887 1136 941 1204 καὶ
967 1135 1157 1223 ἐπεζεύχθω

85 1241 158 1332 1οἡ
183 1252 252 1313 ΕΚ
277 1244 333 1311 καὶ
361 1243 577 1331 ἐκβεβλήσθω
606 1240 659 1332 ἐφ’
690 1244 828 1331 ἑκάτερα
855 1240 896 1311 τὰ
924 1246 1007 1330 μέρη
1036 1241 1090 1310 ἐπὶ
1117 1244 1158 1311 τὰ

137 1358 176 1437 Β,
195 1357 234 1436 Θ,
257 1350 314 1417 καὶ
338 1348 590 1439 ἐπεζεύχθωσαν
610 1355 647 1418 αλ
663 1358 740 1436 ΔΘ,
760 1356 839 1436 ΔΒ,
859 1350 916 1417 καὶ
935 1348 1158 1438 εἰλήφθωσαν

137 1458 199 1526 δύο
233 1466 302 1525 ἶσαι
336 1457 543 1545 περιφέρειαι
575 1456 653 1541 παρ’
688 1456 826 1541 ἑκάτερα
858 1460 920 1524 τοῦ
952 1462 981 1523 Θ
1012 1458 1050 1523 αἱ
1081 1463 1158 1540 ΘΖ,

138 1570 212 1631 ΘΗ
228 1564 285 1630 καὶ
307 1561 385 1649 παρ’
408 1562 545 1649 ἑκάτερα
564 1573 625 1630 τοῦ
644 1570 673 1630 Β
692 1567 730 1630 αί
745 1570 823 1648 ΑΒ,
844 1568 915 1648 ΒΓ,
933 1562 989 1629 καὶ
1008 1562 1160 1650 ἐπεζεύχ-

137 1678 257 1737 αωσιι
281 1672 319 1737 αι
340 1677 418 1755 αα,
442 1674 526 1754 ΕΗ,
552 1677 633 1755 αα,
656 1674 744 1755 ΗΚ,
770 1676 845 1756 ΔΖ,
871 1675 952 1753 ΛΗ,
977 1675 1057 1752 KA,
1080 1675 1160 1755 ΚΓ,

85 1788 118 1837 15
138 1783 220 1861 EA,
243 1782 321 1862 ΕΓ,
345 1783 431 1861 ΔΑ,
455 1782 536 1862 ΔΓ,
561 1783 643 1863 ΑΒ,
667 1783 736 1844 ΒΓ.
783 1776 853 1844 ἐπεὶ
882 1769 945 1843 οὖν
970 1784 1024 1861 ίση
1050 1771 1072 1861 ἡ
1096 1782 1161 1844 ΘΖ

138 1883 332 1970 περιφέρεια
354 1886 394 1972 τῇ
415 1888 493 1968 ΘΗ,
516 1882 572 1950 καὶ
591 1889 699 1969 γωνία
717 1884 783 1971 άρα
802 1879 822 1969 ἡ
842 1881 909 1950 ὑπὸ
930 1887 1031 1948 ΘΚΖ
1049 1887 1162 1972 γωνίᾳ

137 1992 178 2078 τῇ
206 1985 272 2058 ὑπὸ
297 1996 365 2057 ΘΚ
368 1996 408 2057 Η
432 1990 522 2058 ἐστιν
551 1999 616 2077 ίση.
661 1990 716 2057 καὶ
744 1990 813 2057 ἐπεὶ
843 1997 897 2074 λ’ση
927 1988 1017 2056 ἐστίν
1046 1984 1067 2073 ἡ
1093 1994 1165 2056 ΚΖ

138 2100 178 2186 τῇ
208 2102 294 2182 ΗΚ,
328 2096 426 2183 κοινὴ
461 2096 499 2166 δέ
531 2094 551 2184 ἡ
580 2102 661 2182 ΚΕ,
694 2095 749 2164 καὶ
780 2100 886 2182 γωνία
913 2093 934 2181 ἡ
961 2091 1027 2162 ὑπὸ
1058 2101 1165 2162 ΖΚΕ

141 2209 248 2294 γωνίᾳ
274 2213 315 2292 τῇ
343 2200 408 2271 ὑπὸ
432 2208 542 2270 ΗΚΕ
565 2204 656 2271 ἐστιν
680 2211 751 2289 ἴση,
779 2203 876 2288 βάσις
899 2202 965 2289 ἄρα
988 2199 1008 2286 ἡ
1033 2207 1098 2267 ΖΕ
1120 2205 1162 2291 τῇ

87 2322 123 2371 20
143 2314 214 2377 HE
245 2311 336 2378 ἐστιν
368 2319 432 2395 ἴση.
479 2309 548 2377 ἐπεὶ
578 2300 642 2377 οὖν
669 2306 690 2395 ἡ
720 2315 784 2376 ΖΕ
809 2318 848 2396 τῇ
874 2314 945 2375 ΗΕ
971 2311 1061 2376 ἐστιν
1093 2316 1163 2395 ίση,

141 2415 239 2501 κοινὴ
268 2415 305 2483 δὲ
334 2413 355 2501 ἡ
383 2423 467 2500 ΔΕ,
495 2415 551 2483 καὶ
579 2420 685 2501 γωνία
712 2412 733 2502 ἡ
760 2412 826 2483 ὑπὸ
856 2421 955 2481 ΖΕΔ
984 2419 1092 2504 γωνία
1121 2419 1163 2503 τῇ

141 2518 206 2590 ὑπὸ
231 2527 339 2588 ΗΕΔ
362 2524 453 2590 ἐστιν
478 2531 545 2608 ίση,
567 2521 667 2607 βάσις
690 2520 754 2610 άρα
779 2519 799 2607 ἡ
825 2527 891 2587 ΔΖ
915 2524 954 2609 τῇ
974 2526 1051 2587 ΔΗ
1070 2522 1165 2587 ἐστιν

142 2638 208 2716 ίση.
254 2629 356 2697 πάλιν
386 2629 455 2697 ἐπεὶ
479 2634 534 2715 ίση
559 2628 649 2697 ἐστὶν
673 2626 694 2715 ἡ
718 2634 783 2695 AB
806 2628 1000 2715 περιφέρεια
1023 2628 1063 2714 τῇ
1086 2632 1164 2711 ΒΓ,

143 2735 199 2804 καὶ
232 2740 338 2822 γωνία
373 2733 438 2822 ἄρα
470 2733 490 2823 ἡ
524 2732 590 2803 ὑπὸ
620 2742 723 2804 ΑΚΒ
755 2739 863 2823 γωνίᾳ
895 2738 935 2822 τῇ
968 2729 1033 2800 ὑπὸ
1063 2738 1166 2800 ΓΚΒ

91 2852 126 2904 25
146 2845 236 2911 έστιν
265 2850 335 2928 ίση·
364 2841 448 2909 ὥστε
475 2841 531 2909 καὶ
554 2845 653 2927 λοιπὴ
678 2846 725 2921 είς
750 2840 807 2921 τὰς
831 2840 894 2908 δύο
919 2838 1028 2927 ὀρθὰς
1050 2835 1071 2923 ἡ
1094 2835 1165 2906 ὑπὸ

144 2955 250 3016 ΛΚΕ
279 2951 378 3036 λοιπῇ
406 2952 454 3026 είς
480 2947 539 3027 τὰς
566 2947 629 3016 δύο
659 2945 766 3036 ὁρθὰς
793 2951 833 3035 τῇ
857 2946 923 3014 ὑπὸ
948 2952 1050 3013 ΓΚΕ
1071 2947 1167 3014 ἐστιν

120 3055 211 3141 ίση.
257 3054 327 3123 ἐπεὶ
356 3046 419 3123 οὖν
447 3051 468 3140 ἡ
494 3060 566 3121 ΑΚ
590 3059 630 3144 τῇ
655 3061 726 3123 ΚΓ
744 3057 835 3123 ἐστιν
859 3062 931 3140 ίση,
959 3055 1056 3137 κοινη
1080 3051 1118 3120 δὲ
1143 3051 1166 3140 ἡ

145 3167 228 3245 ΕΚ,
259 3161 315 3228 καὶ
346 3166 454 3247 γωνία
487 3158 508 3248 ἡ
541 3159 607 3229 ὑπὸ
635 3167 741 3228 ΑΚΕ
766 3166 873 3250 γωνίᾳ
900 3163 939 3248 τῇ
967 3156 1033 3227 ὑπὸ
1062 3164 1169 3226 ΓΚΕ

219 3435 244 3484 3,
276 3433 328 3482 ΔΛ
365 3444 515 3497 acornp.
610 3432 651 3483 12.
680 3424 728 3552 αἰχ
747 3445 774 3496 p,
799 3421 816 3494 ἡ
837 3426 926 3496 W(?).
1021 3431 1062 3479 15.
1091 3427 1168 3497 ΔΓ]

150 3504 212 3563 ΔΒ,
233 3503 291 3552 ΔΓ
376 3501 406 3554 et
429 3517 444 3554 ε
468 3515 538 3555 corr.
557 3514 589 3567 p;
619 3514 687 3553 corr.
730 3512 811 3551 omm.
905 3502 946 3551 17.
975 3496 1022 3567 τῇ]
1046 3496 1097 3564 τῆς
1120 3496 1168 3552 W.
