2444 3892
153 107 217 173 128
544 109 772 162 FRAGMENTA.

152 248 308 334 δεκάδος,
340 250 409 316 τάν
437 247 475 316 δὲ
503 254 604 333 Γ,Λ,
623 255 655 315 Ε
680 248 817 327 ἕκαστος
845 245 996 316 ἐλάσσων
1026 247 1169 329 δεκάδος

152 361 252 441 ἔστω,
275 353 331 422 καὶ
354 354 433 422 δέον
457 359 540 422 ἔστω
563 353 625 422 τὸν
648 356 776 423 ἐκτῶν
798 360 842 440 A,
861 360 900 439 Β,
921 360 959 440 Γ,
979 363 1023 440 A,
1043 363 1075 422 E
1096 375 1170 424 στε-

118 462 120 466 ‘
151 460 232 549 ρεδν
255 464 369 529 εἰπεῖν.

209 565 386 634 Ἔστωσαν
408 564 473 653 γάρ
495 571 565 634 τάν
583 575 626 652 A,
645 574 674 634 B
696 568 867 654 πυθμένες
889 569 924 634 οἱ
941 575 979 653 Ζ,
998 574 1044 635 Η·
1068 569 1169 656 λέγω,

118 687 133 737 5
153 673 204 742 ὅτι
228 669 245 741 ὁ
271 673 307 740 ἐκ
329 676 397 741 τῶν
420 681 462 757 A,
481 679 521 758 B,
541 677 579 758 Γ,
599 680 643 758 A,
662 681 694 741 Ε
720 672 854 762 στερεὸς
881 677 942 741 τοῦ
971 675 1007 742 ἔκ
1034 677 1103 742 τῶν
1129 681 1169 761 Ζ,

151 786 197 866 Η,
216 786 254 866 Γ,
273 787 318 866 A,
337 787 369 847 Ε
390 781 528 867 στερεοῦ
552 778 854 859 ἕκατοντοιτιλάσιός
876 781 975 848 ἔστιν.

218 889 268 954 De
291 888 570 954 demonsttadione
588 887 720 972 Pappus
737 911 768 973 p.
790 890 841 968 10,
863 888 917 954 14:
940 885 977 954 τὸ
1003 887 1040 955 δὲ
1062 914 1169 974 γραμ-

152 990 250 1079 μικδν
274 995 310 1060 ἔκ
332 996 402 1060 τῶν
423 988 658 1060 Ἀπολλωνίου.

219 1155 271 1220 45.
304 1154 435 1239 Pappus
458 1153 500 1237 ΙΙ,
526 1156 568 1221 10
590 1178 621 1238 p.
642 1155 693 1239 10,
712 1154 754 1219 31
766 1176 826 1238 sq.:

100 1288 134 1336 10
215 1273 314 1343 Ἀλλά
338 1275 379 1362 δὴ
404 1280 552 1343 ἔστωσαν
575 1280 710 1355 πλείους
732 1284 835 1363 τριῶν
860 1278 896 1342 ολ
912 1283 954 1360 A,
969 1282 1009 1360 B,
1025 1281 1063 1362 Γ,
1078 1283 1122 1362 A,
1137 1286 1171 1345 Ε

151 1381 208 1448 κοιλ
227 1383 363 1461 ἔκαστος
382 1380 533 1449 ἐλάσσων
552 1380 615 1466 μὲν
636 1379 865 1465 ἕκατοντάδος,
885 1381 1110 1469 μετρούμενος
1130 1383 1168 1452 δὲ

151 1484 217 1554 ὑπὸ
242 1486 397 1572 δεκάδος,
421 1490 490 1553 τῶν
514 1485 552 1554 δὲ
576 1493 614 1572 Ζ,
632 1493 678 1572 Η,
698 1493 727 1554 Θ
750 1488 884 1566 ἕκαστος
907 1491 990 1555 ἔστω
1015 1487 1168 1558 ἐλάσσων

153 1590 302 1669 δεκάδος.

222 1693 268 1763 Τδ
288 1703 419 1782 πλῆθος
436 1701 505 1764 τῶν
523 1704 567 1784 Α,
587 1705 622 1784 Β,
638 1703 676 1785 Γ,
690 1705 735 1783 A,
749 1704 781 1764 E
797 1697 961 1787 πρότερον
980 1705 1166 1785 μετρείσθω

101 1814 134 1864 15
152 1797 218 1870 ὑπὸ
242 1802 400 1891 τετράδος
422 1802 505 1872 κατά
527 1802 588 1873 τὸν
610 1811 649 1891 O,
672 1804 728 1871 καὶ
752 1808 900 1873 ἔστωσαν
923 1808 991 1874 τῶν
1014 1814 1057 1890 A,
1072 1814 1112 1893 B,
1128 1813 1166 1893 Γ,

153 1917 197 1993 A,
221 1915 253 1975 Ε
281 1910 451 1996 πυθμένες
484 1913 519 1978 οἱ
549 1916 592 1997 K,
616 1917 659 1996 A,
682 1917 732 1996 M,
755 1916 801 1996 N,
827 1913 870 1988 Ξ·
903 1909 953 1979 ὅτι
986 1908 1004 1979 ὁ
1035 1913 1072 1980 ἔκ
1098 1915 1167 1981 τῶν

152 2023 195 2099 A,
211 2022 249 2100 Β,
264 2021 303 2102 Γ,
319 2023 363 2101 A,
378 2023 416 2102 Z,
430 2024 476 2103 Η,
491 2024 520 2085 Θ
543 2016 675 2105 στερεὸς
695 2025 766 2098 ἴσος
785 2017 875 2085 ἐστὶν
896 2016 1057 2104 μυριάσιν
1080 2015 1167 2106 δμω-

153 2120 273 2207 νάμοις
294 2125 340 2214 τῷ
367 2129 410 2210 O,
444 2121 520 2191 ὅσαι
549 2125 694 2210 μονάδες
723 2124 809 2191 εἰσὶν
838 2124 875 2191 ἔν
902 2126 947 2215 τῷ
977 2127 1098 2215 στερεῷ
1121 2135 1167 2215 τῷ

153 2227 189 2293 ἔκ
211 2230 280 2295 τάν
303 2234 347 2313 Κ,
367 2235 409 2314 A,
428 2236 478 2314 Μ,
497 2236 537 2297 Ν
555 2230 608 2296 ἐπὶ
631 2228 692 2297 τδν
715 2232 751 2298 ἔκ
773 2231 841 2297 τῶν
866 2236 904 2315 Ζ,
923 2236 969 2314 Η,
988 2237 1025 2297 (δ.

101 2347 136 2396 20
217 2335 266 2400 De
276 2336 405 2401 casibus
417 2337 565 2416 secundo,
574 2338 681 2417 tertio,
692 2341 807 2421 quarto
818 2337 949 2421 Pappus
959 2338 1048 2425 p.12,
1058 2339 1167 2425 20sq.:

216 2437 317 2506 Ἀλλά
342 2436 383 2525 δὴ
413 2437 451 2506 τὸ
479 2445 610 2525 πλῆθος
637 2443 705 2508 τάν
732 2446 775 2525 A,
799 2446 839 2526 Β,
861 2446 900 2526 Γ,
922 2449 965 2527 A,
985 2448 1017 2508 E
1043 2443 1087 2529 μὴ
1114 2469 1169 2528 με-

74 2599 76 2604 .
152 2549 298 2630 τρείσθω
326 2540 393 2611 ὑπὸ
421 2544 590 2632 τετράδος·
623 2544 850 2633 μετρούμενον
879 2546 921 2632 δὴ
950 2544 1025 2633 ἤτοι
1054 2553 1075 2615 ἇ
1102 2537 1169 2636 ἢβ

153 2645 174 2735 ἢ
197 2678 218 2736 y
241 2656 357 2732 λείψει.
404 2654 435 2717 εἰ
461 2650 522 2737 μὲν
552 2642 615 2718 οὖν
643 2653 704 2720 ἔνοι
726 2657 849 2738 λείψει,
878 2657 971 2721 ἔσται
998 2653 1016 2722 ὁ
1041 2655 1077 2722 ἔκ
1099 2680 1168 2723 των

152 2762 195 2841 A,
215 2762 256 2841 B,
276 2761 370 2843 F,A,
389 2763 429 2841 E,
451 2763 488 2841 Z,
507 2763 552 2841 Η,
570 2763 599 2824 Θ
623 2757 755 2846 στερεὸς
777 2760 953 2847 μυριάδων
977 2757 1167 2847 ὁμωνύμων

100 2875 134 2925 25
152 2865 198 2954 τῷ
224 2868 267 2947 Ο,
297 2860 376 2942 ὅσος
404 2862 495 2929 ἔστὶν
523 2861 541 2931 ὁ
570 2864 606 2930 ἐκ
634 2859 703 2931 τῶν
726 2870 770 2950 K,
790 2870 832 2950 A,
852 2871 901 2950 M,
920 2872 966 2951 N,
984 2868 1015 2942 Ξ
1034 2868 1169 2955 στερεὸς

154 2967 206 3034 ἔτὶ
229 2966 290 3035 τὸν
314 2968 350 3035 ἔκ
372 2979 441 3036 τιόν
465 2975 503 3054 Ζ,
522 2975 567 3055 Η,
586 2976 615 3037 Θ
637 2970 693 3037 καὶ
717 2967 735 3038 ὁ
759 2969 939 3058 γενόμενος
962 2972 1107 3052 δεκάκις·
1138 2977 1168 3041 εί

166 3081 170 3088 x

226 3239 266 3287 10.
301 3235 414 3295 πλείους
440 3234 541 3307 τριῶν]
570 3234 738 3304 Apollonius
766 3235 918 3306 scripserat
950 3233 1166 3306 ὁσοιδηποτοῦν.

189 3306 222 3356 10
232 3319 273 3370 sq.
298 3303 446 3359 Hultschio
471 3307 608 3376 suspecta.
699 3312 742 3362 24.
772 3311 806 3373 Z,
821 3310 861 3374 H,
878 3307 919 3378 Θ]
948 3305 1082 3376 Hultsoh,
1110 3324 1164 3362 om.

152 3373 233 3427 codd.
325 3379 368 3430 25.
389 3377 414 3429 0
432 3376 575 3433 τοσούτων
594 3377 665 3432 coni.
684 3377 813 3432 Hultsch.
898 3377 941 3448 td]
963 3377 1082 3434 Hultsch
1102 3395 1166 3433 cum

107 3486 109 3489 .
152 3441 291 3514 Wallisio,
311 3462 366 3502 om.
386 3446 466 3502 codd.
548 3453 590 3504 26.
610 3447 659 3503 καλ
680 3443 707 3519 ὁ]
727 3449 781 3504 del.
800 3448 922 3504 Hultsch
943 3465 1007 3508 cum
1026 3448 1166 3506 Wdllisio.
