2444 3892
498 167 727 223 FRAGMENTA.
1060 165 1124 230 105

106 310 192 378 νέτω
224 307 286 395 τὴν
318 315 353 376 Κ
358 315 423 376 ΘΛ
453 310 537 377 κατὰ
570 307 606 377 τὸ
638 315 681 394 Θ,
714 309 769 376 καὶ
803 307 1056 396 ἐπεζεύχθωσαν
1088 311 1126 374 αί

107 423 190 502 ΘΑ,
206 423 284 501 ΘΒ,
299 422 370 484 ΘΓ.
413 414 764 505 παραλληλόγραμμον
787 415 853 504 ἄρα
877 412 1027 483 ἐστίντὸ
1051 419 1123 500 ΒΓ,

747 522 924 610 διάμετρος
952 520 989 589 δέ
1017 519 1123 588 αὐτοῦ

745 626 766 715 ἡ
801 635 880 696 ΘΑ.
947 628 1122 714 τετμήσθω

746 739 823 822 δίχα
855 730 876 820 ἡ
908 741 969 802 ΘΛ
1001 736 1047 823 τῷ
1080 734 1122 818 Ξ,
1160 755 1176 804 5

746 840 802 907 καὶ
816 841 941 932 κέντρῳ
960 845 1006 934 τῷ
1025 843 1123 930 Eys-

745 945 893 1034 γρύφθω
910 946 1032 1028 κύκλος
1049 953 1123 1037 τέμ

746 1079 817 1121 νων
854 1054 914 1132 τὰς
950 1063 982 1122 Α
988 1062 1033 1142 Β,
1056 1064 1090 1123 A
1096 1064 1128 1126 Γ

747 1160 966 1246 ἐκβληθείσας
983 1159 1121 1230 κατὰτὰ

747 1273 795 1351 A,
819 1273 865 1352 Β,
896 1264 979 1335 ὥστε
1007 1269 1122 1355 μέντοι
1142 1287 1176 1336 10

746 1369 786 1440 τὰ
806 1379 850 1457 Δ,
865 1380 897 1440 Β
918 1371 970 1441 ἐπ’
987 1372 1124 1456 εὐθείας

746 1475 898 1573 εἶναιτῷ
920 1487 960 1547 Θ·
980 1481 1062 1569 ὅπερ
1079 1479 1122 1551 ἐν

104 1585 236 1669 γένοιτο
269 1588 432 1651 κανονίου
466 1587 669 1672 κινουμένου
701 1587 776 1675 περὶ
808 1585 845 1654 τὸ
879 1593 907 1653 Θ
942 1589 1123 1674 τέμνοντος

103 1687 163 1770 τὰς
190 1696 274 1775 AA,
293 1696 362 1756 ΑΕ
390 1689 446 1757 καὶ
473 1693 709 1778 παραγομένου
738 1693 791 1761 ἐπὶ
820 1697 1000 1781 τοσοῦτον,
1028 1692 1123 1783 ἄχρις

103 1791 147 1862 ἂν
171 1797 208 1862 αί
229 1793 295 1862 ἀπὸ
320 1798 381 1863 τού
404 1798 435 1873 Ξ
456 1796 508 1864 ἐπὶ
532 1795 571 1864 τὰ
596 1806 641 1883 Δ,
656 1805 688 1866 Ε
710 1807 778 1866 ίσαι
801 1801 972 1885 γένωνται.
1143 1818 1175 1867 15

173 1923 204 1987 9.
227 1923 366 1987 Ioannes
389 1921 593 2008 Philoponus
616 1925 651 1989 in
673 1923 804 2010 Analyt.
823 1931 909 2009 post.
927 1927 944 1991 Ι
961 1950 992 2011 p.
1011 1927 1055 1992 24
1074 1928 1123 1995 ed.

103 2027 178 2093 Ald.
204 2028 304 2095 1534:

176 2135 244 2200 Τοῦ
271 2133 386 2218 μέντοι
410 2130 639 2201 Ἀπολλωνίου
666 2136 728 2201 τού
755 2138 929 2222 Περγαιόν
957 2134 1047 2203 ἐστὶν
1076 2141 1123 2216 είς

102 2243 202 2307 τούτο
223 2236 402 2325 ἀπόδειξις,
423 2236 468 2319 ὦς
486 2243 691 2328 Παρμενίων
710 2245 826 2326 φησίν,
845 2236 888 2326 ἢν
907 2240 963 2307 καὶ
982 2240 1121 2328 ἐκθήσο-

102 2370 164 2431 μεν
186 2343 334 2432 ἐχουσαν
357 2346 479 2425 οὕτως·
1138 2365 1174 2415 20

172 2452 234 2520 δύο
251 2455 419 2522 δοθεισῶν
435 2453 581 2523 εύθειύν
597 2451 726 2522 ἀνίσων
741 2452 803 2522 δύο
819 2453 920 2540 μέσας
933 2451 1122 2540 ἀναλόγους

102 2554 227 2646 εύρελν.

171 2670 320 2734 ἔστωσαν
354 2666 391 2735 δὲ
423 2671 461 2735 αί
491 2670 647 2736 δοθεῖσαι
681 2666 743 2736 δύο
778 2664 909 2735 εύθείαι
941 2664 1056 2735 ἄνισοι
1087 2672 1124 2736 αι’

102 2777 180 2856 ΑΒ,
195 2777 262 2838 ΒΓ
275 2773 330 2840 καὶ
348 2779 554 2861 κείσθωσαν,
576 2775 661 2843 ὥστε
680 2770 791 2860 ὀρθὴν
809 2779 937 2859 γωνίαν
957 2774 1120 2860 περιέχειν

99 2877 165 2962 τὴν
183 2874 249 2945 ὑπὸ
264 2886 374 2966 ΑΒΓ,
393 2881 449 2948 καὶ
464 2879 764 2969 συμπεπληρώσθω
778 2877 815 2947 τὸ
832 2887 899 2947 BA
913 2879 1121 2967 παραλληλό-
1140 2895 1175 2944 25

101 3008 268 3071 γραμμον,
292 2986 348 3052 καὶ
371 2985 549 3075 διάμετρος
572 2984 678 3055 αὐτοῦ
701 2983 797 3074 ἤχθω
821 2982 842 3072 ἡ
868 2991 942 3071 ΑΓ,
966 2985 1119 3075 καὶπερὶ

100 3087 139 3156 τὸ
164 3094 263 3157 ΑΓΔ
290 3096 457 3178 τρίγωνον
479 3091 665 3180 γεγράφθω
688 3089 888 3180 ἡμικύκλιον
910 3090 948 3159 τὸ
973 3098 1121 3178 ΑΛΕΓ,

100 3196 157 3262 καὶ
181 3197 464 3283 ἐκβεβλήσθωσαν
487 3200 523 3264 αί
545 3204 611 3264 BA
634 3199 690 3266 καὶ
712 3203 780 3265 ΒΓ
799 3194 853 3266 ἐπ’
879 3194 1015 3277 εὐθείας
1037 3199 1119 3266 κατὰ

100 3303 141 3368 τὰ
171 3308 213 3387 Ζ,
233 3309 282 3387 Η,
312 3304 368 3371 καὶ
395 3301 581 3390 ἐπεζεύχθω
610 3301 725 3391 ἡΖΗ
750 3302 807 3372 διὰ
834 3307 896 3372 τοῦ
919 3310 952 3369 A
981 3309 1120 3391 σημείου

101 3403 316 3414 ———

118 3443 281 3569 ᾶέΙθᾶὸέ]
301 3445 356 3515 δήλ
439 3449 481 3499 27.
501 3440 674 3515 ἡμικύκλους
693 3445 736 3500 ed.
756 3444 820 3498 Ald.
894 3451 937 3502 29.
959 3442 1120 3517 ἐπιζεύχθω

101 3529 144 3570 e.
222 3557 228 3570 .
956 3562 959 3569 ,
