2444 3892
440 850 483 914 In
506 851 643 914 librum
665 849 707 915 II.

134 996 283 1060 Alterum
324 994 445 1059 librum
487 990 682 1058 (lonicorum
725 994 866 1078 ordiens,
908 995 1083 1058 Anthemie

65 1103 276 1185 amicissime,
307 1101 370 1166 hoc
399 1100 674 1184 praemittendum
703 1122 832 1184 censeo,
865 1122 916 1165 me
945 1122 983 1164 ea
1011 1100 1083 1165 sola

65 1210 105 1274 ad
130 1231 202 1274 eum
227 1208 391 1291 adnotare,
415 1228 497 1292 quae
519 1227 558 1269 ex
576 1206 627 1289 iis,
650 1228 732 1290 quac
750 1207 785 1270 in
804 1207 923 1271 librum
941 1207 1082 1292 primum

65 1314 188 1399 scripta
211 1314 291 1399 sint,
314 1335 379 1378 non
402 1313 531 1397 possint
554 1312 712 1398 intellegi.

457 1525 513 1589 Ad
536 1547 640 1609 prop.
663 1525 688 1589 l.

131 1649 316 1734 Propositio
339 1648 445 1732 prima
469 1670 579 1713 casum
601 1650 798 1734 nonhabet,
823 1651 886 1716 nisi
910 1651 994 1736 quod
1015 1655 1080 1716 AB

63 1778 130 1822 non
163 1777 290 1840 semper
323 1756 392 1819 axis
426 1759 488 1838 est3
520 1754 583 1820 hoc
615 1759 723 1820 autem
757 1757 796 1820 ad
828 1758 966 1843 figuram
996 1759 1081 1822 nihil

63 1863 209 1928 interest.
253 1883 330 1925 nam
354 1863 429 1945 ΔΓ,
455 1864 519 1925 ΓΕ
540 1863 747 1945 asymptotae
771 1867 848 1927 sunt
871 1865 1022 1928 sectionis
1047 1870 1080 1928 ct

64 1968 197 2033 eaedem
207 1970 338 2032 manent
348 1967 492 2051 qualibet
501 1966 659 2031 diametro
668 1966 931 2053 contingentique
940 1973 1079 2052 sumpta.

446 2160 503 2225 Ad
525 2184 631 2246 prop.
654 2159 696 2225 II.

130 2285 220 2351 Haec
238 2286 419 2370 propositio
435 2308 544 2352 casum
559 2308 625 2350 non
638 2285 745 2351 habet.
782 2289 846 2349 ΒΘ
860 2307 936 2350 uero
952 2308 1079 2371 semper

62 2392 242 2459 sectionem
275 2394 309 2457 in
337 2393 463 2458 duobus
491 2393 621 2477 punctis
650 2392 788 2476 secabit3
819 2414 895 2457 nam
924 2394 1077 2477 quoniam

60 2503 170 2565 rectae
197 2503 260 2564 ΓΔ
291 2498 451 2584 parallelo
479 2503 542 2582 est,
574 2520 646 2563 cunr
674 2500 736 2562 ro
764 2503 946 2584 concurret3
978 2522 1077 2584 quare

59 2606 154 2691 prius
179 2627 252 2670 cum
275 2605 417 2670 sectione
441 2607 619 2669 concurret.

440 2796 496 2861 Ad
519 2820 620 2881 prop.
642 2797 699 2862 XI.

127 2921 168 2986 In
210 2922 402 3006 quibusdam
445 2921 608 2987 codicibus
646 2922 727 2988 haec
763 2924 944 3007 propositio
982 2926 1077 2990 aliter

58 3029 310 3094 demonstratur.

59 3236 194 3290 magnam
214 3220 345 3274 lacunam
363 3221 428 3275 hab.
448 3221 520 3288 Wp;
549 3219 687 3289 explenda
710 3221 750 3274 sic
774 3219 845 3276 fero:
871 3219 914 3276 ὅτι
933 3219 951 3292 ἡ
971 3229 1021 3277 ΑΒ
1041 3222 1075 3279 οὐ

58 3290 173 3353 πάντως
192 3285 268 3356 ἄξων
289 3285 371 3347 ἐστίν,
445 3288 493 3361 cip]
512 3290 576 3346 fort.
596 3308 647 3345 scr.
667 3289 708 3346 δέ.
774 3298 798 3346 9.
819 3290 889 3346 εἰσιν
904 3294 971 3362 Wp.
1026 3297 1075 3366 τῆ]

59 3360 169 3431 scripsi,
184 3355 217 3416 ἔν
229 3361 263 3432 τῇ
277 3360 348 3431 Wp.
404 3310 450 3432 cci]
467 3361 572 3429 addidi,
588 3378 641 3417 om.
653 3362 721 3430 Wp.
779 3367 820 3418 10.
835 3361 1019 3434 διαμένουσιν
1029 3351 1075 3422 W.

96 3438 139 3488 15.
160 3432 223 3504 ΓΔ]
243 3434 300 3486 ΕΘ
318 3433 387 3502 Wp,
407 3449 476 3488 corr.
496 3431 600 3487 Oomm.
674 3439 715 3487 18.
735 3433 820 3504 τισιν]
839 3453 866 3504 p,
885 3442 944 3499 τοῖς
962 3436 1007 3494 W.

861 3524 915 3578 19*
