2444 3892
123 169 189 234 220
408 166 673 221 mmmmm
689 164 858 229 mmm.

122 309 246 398 λη’φθω
273 336 322 389 τις
350 307 462 377 αὐτῶν
491 309 605 394 μίσος,
632 304 677 389 59
705 312 835 391 ἔτυχεν,
865 302 883 373 5
907 309 951 388 Γ,
975 305 1037 372 καὶ
1062 310 1147 374 ἔστω

122 419 185 484 τοῦ
207 426 253 501 A,
277 422 310 483 Γ
330 415 436 502 λόγου
462 415 642 502 πηλικότης
668 411 687 482 5
711 423 760 499 A,
786 417 849 482 τοῦ
870 411 910 480 δὲ
932 418 978 496 Γ,
1001 419 1034 479 Β
1061 409 1080 480 5
1108 420 1146 496 Ε,

123 523 179 590 καὶ
203 519 221 590 5
242 531 275 589 Δ
297 521 358 590 τδν
377 528 408 589 Β
428 519 723 600 πολλαπλασιάσας
743 518 805 588 τὸν
823 527 851 587 Ζ
872 522 1018 586 ποιείτω.
1045 520 1145 605 λέγω,

125 626 176 696 ότι
199 633 260 696 τοῦ
283 628 388 714 λόγον
410 631 480 695 τῶν
504 636 546 713 A,
571 635 599 694 Β
622 627 802 712 πηλικότης
825 623 916 692 ἐστὶν
940 621 959 691 5
985 631 1025 708 Ζ,
1050 649 1145 693 τουτ-

90 736 217 803 5ίστιν
246 733 297 803 ὅτι
326 732 344 802 5
373 742 400 800 Ζ
431 732 493 801 τὸν
521 739 549 799 Β
577 731 871 811 πολλαπλασιάσας
897 729 958 799 τὸν
983 741 1016 798 Α
1045 744 1144 800 ποιεῖ.

126 839 144 909 5
170 840 212 928 δη
236 849 263 909 Ζ
286 840 347 910 τὸν
371 848 399 907 Β
422 838 715 919 πολλαπλασιάσας
736 838 797 907 τὸν
820 843 857 906 Η
876 842 1023 906 ποιείτω.
1074 837 1143 906 ἐπεὶ

127 940 189 1016 οὖν
214 946 232 1016 5
251 957 284 1015 Δ
304 946 365 1015 τὸν
384 946 445 1032 μὲν
465 953 497 1012 E
513 947 805 1026 πολλαπλασιάσας
821 945 883 1013 τὸν
902 952 929 1012 Ζ
947 950 1141 1030 πεποίηκεν,

126 1054 186 1122 τὸν
219 1053 256 1121 δὲ
285 1058 317 1120 Γ
342 1051 636 1131 πολλαπλασιάσας
666 1049 726 1119 τὸν
757 1060 789 1117 A
820 1056 1017 1135 πεποίηκεν,
1051 1055 1142 1118 ἔστιν

127 1157 209 1246 άρα,
238 1156 282 1240 59
306 1155 323 1226 5
350 1166 381 1225 E
405 1157 490 1246 πρὸς
512 1157 572 1225 τὸν
601 1162 641 1241 Γ,
670 1153 688 1224 ὃ
712 1164 739 1224 Ζ
761 1154 846 1244 πρὸς
868 1155 930 1224 τὸν
952 1165 993 1222 A.
1040 1154 1141 1222 πάλιν

75 1276 108 1324 10
128 1266 197 1333 ἐπεὶ
230 1263 248 1332 5
278 1272 306 1331 Β
337 1264 398 1332 τὸν
425 1271 457 1330 E
486 1263 778 1342 πολλαπλασιάσας
806 1259 868 1330 τὸν
894 1267 927 1328 Γ
948 1268 1141 1348 πεποίηκεν,

127 1369 188 1437 τὸν
222 1369 259 1437 δὲ
292 1377 319 1437 Ζ
351 1371 642 1448 πολλαπλασιάσας
671 1367 732 1436 τόν
761 1375 800 1435 Η
822 1373 1018 1453 πεποίηκεν,
1054 1373 1142 1437 ἔστιν

128 1475 204 1562 άρα,
228 1475 274 1558 59
298 1472 316 1541 5
340 1482 372 1540 E
391 1477 475 1564 πρὸς
493 1502 554 1542 τον
574 1483 611 1561 Ζ
636 1503 654 1542 ο
674 1480 706 1542 Γ
723 1473 807 1561 πρὸς
829 1473 890 1541 τδν
911 1481 954 1543 Η.
992 1473 1142 1558 ἐναλλάξ,

129 1577 172 1659 59
201 1578 219 1646 5
248 1587 280 1645 Ε
304 1578 388 1666 πρὸς
414 1583 476 1647 τὸν
499 1587 541 1664 Γ,
573 1578 591 1648 5
616 1588 643 1648 Z
670 1581 755 1668 πρὸς
776 1578 837 1648 τὸν
859 1586 903 1646 Η.
949 1572 993 1664 ἦν
1018 1581 1071 1664 δέ,
1101 1577 1143 1658 59

129 1683 147 1752 5
173 1692 204 1750 E
229 1683 314 1770 πρὸς
341 1685 402 1752 τὸν
426 1692 468 1770 Γ,
497 1684 514 1752 ὁ
545 1694 571 1753 Ζ
599 1686 682 1775 πρὸς
709 1685 770 1753 τὸν
799 1695 842 1752 A·
872 1683 990 1764 ίσος”
970 1712 1036 1769 αρα
1066 1685 1084 1753 ὁ
1111 1689 1147 1751 Η

77 1801 109 1850 15
127 1792 173 1878 τῷ
207 1798 248 1857 A
312 1787 395 1858 όόστε
431 1791 449 1859 5
480 1799 507 1858 Z
538 1792 598 1860 τὸν
632 1799 660 1859 Β
694 1790 988 1869 πολλαπλασιάσας
1019 1788 1081 1858 τὸν
1113 1798 1143 1858 A

126 1901 313 1982 πεποίηκεν.

196 2002 240 2089 μὴ
269 2005 452 2090 ταραττέτω
482 2005 519 2072 δὲ
543 2003 623 2084 τοὺς
645 2003 910 2091 ἐντυγχάνοντας
932 2001 969 2071 τὸ
994 2003 1051 2070 διὰ
1076 2006 1143 2070 τῶν

129 2106 362 2195 ἀριθμητικῶν
391 2113 563 2196 δεδεῖχθαι
591 2112 703 2177 τοῦτο·
735 2110 823 2175 οἵτε
845 2106 910 2196 γάρ
933 2111 1072 2176 παλαιοὶ
1094 2110 1144 2177 κί-

128 2240 267 2300 χρηνται
284 2229 355 2294 ταῖς
369 2213 537 2294 τοιαύταις
551 2213 737 2295 ἀποδείξεσι
752 2223 1000 2300 μαθηματικαῖς
1015 2221 1144 2300 μᾶλλον

76 2333 111 2381 20
131 2321 247 2400 οὔσαις
279 2320 301 2406 ἢ
334 2320 568 2409 άριθμητικαῖς
601 2319 657 2388 διὰ
690 2319 749 2400 τὰς
776 2320 974 2407 άναλογίας,
1008 2321 1064 2387 καὶ
1094 2319 1145 2389 ὅτι

129 2426 167 2492 τὸ
207 2426 409 2513 ζητούμενον
447 2424 668 2514 άριθμητικόν
705 2429 804 2495 ἐστιν.
858 2425 954 2513 λόγοι
990 2425 1056 2513 γάρ
1089 2428 1145 2494 καὶ

129 2532 344 2619 πηλικότητες
362 2533 474 2620 λόγων
493 2535 548 2602 καὶ
566 2532 875 2618 πολλαπλασιασμοὶ
895 2546 966 2610 τοῖς
983 2530 1146 2620 ἀριθμοῖς

130 2637 269 2722 πράτοις
291 2635 478 2727 ὑπάρχουσι
501 2641 557 2708 καὶ
581 2640 625 2707 δι’
652 2637 763 2706 αὐτόν
784 2651 854 2716 τοῖς
873 2638 1041 2724 μεγέθεσι,
1061 2640 1144 2707 κατὰ

130 2745 190 2809 τὸν
213 2743 363 2811 εἰπόντα
386 2757 490 2812 ταῦτα
514 2746 579 2833 γὰρ
602 2745 642 2814 τὰ
666 2742 846 2832 μαθήματα
871 2748 1029 2812 δοκοῦντι
1053 2743 1146 2832 εἶμεν

131 2993 135 2998 ·
160 2995 344 3002 μη..-

203 3083 227 3130 4.
247 3078 314 3148 τῶν]
335 3094 404 3134 corr.
425 3096 458 3134 ex
476 3079 526 3135 τόν
546 3102 576 3136 m
590 3085 670 3139 senb
685 3082 722 3136 W
800 3088 823 3136 7.
842 3082 1027 3165 πετο.ίηιιεμ
1102 3087 1144 3135 10.

131 3150 314 3234 πεποίηκεμ
407 3156 448 3205 16.
452 3157 661 3237 πεποίηκεμ.
699 3154 755 3222 Mg
780 3148 853 3206 διότι
876 3146 907 3204 τό
929 3154 949 3203 Ζ
973 3145 1044 3219 πρὸς
1066 3149 1099 3204 τὸ
1120 3159 1145 3205 Δ

131 3218 180 3274 καὶ
199 3222 229 3271 Η
250 3215 334 3304 λόγον
353 3215 404 3274 τὸν
423 3217 513 3275 αὐτὸν
532 3223 591 3307 ἔχει
614 3226 665 3279 τοῦ
684 3228 709 3277 Ε
732 3219 802 3292 πρὸς
821 3219 853 3276 τὸ
875 3224 910 3288 Γ,
933 3220 968 3274 τά
988 3220 1021 3275 δὲ
1041 3219 1144 3290 ἔχοντα

130 3311 201 3360 προς
225 3286 268 3360 [τὸ
289 3285 372 3360 αὐτὸ]
396 3288 447 3347 τόν
471 3287 560 3348 αὐτὸν
582 3295 667 3381 λόγον
691 3297 738 3350 ἴσα
761 3312 797 3347 m.
818 3298 832 3346 1
856 3292 893 3346 W
904 3263 974 3380 (τὸ
983 3285 1054 3346 αάτό
1080 3307 1145 3362 σοι,

131 3364 178 3417 ίσα
198 3378 286 3430 comp.
306 3377 342 3413 m.
358 3362 385 3430 2)
405 3364 434 3416 et
453 3381 471 3430 p
491 3359 533 3430 (τό
554 3361 625 3420 αὐτό
646 3383 709 3434 om„
728 3363 792 3419 add.
809 3379 866 3432 mg.
886 3354 974 3426 ἔξω’
956 3382 992 3430 ην
1011 3336 1145 3432 σχόλιοι),

169 3439 209 3488 18.
229 3433 436 3504 δεδεῖχθαι]ρ,
455 3434 507 3486 δεδ
526 3453 579 3491 rae.
595 3442 610 3489 3
630 3435 686 3491 litt
705 3439 760 3490 θαι
778 3433 823 3500 W,
842 3429 982 3487 δεδόσθαι
1002 3450 1034 3486 w.
1099 3439 1141 3489 19

132 3499 312 3570 ἀποδείξεσιν
330 3504 375 3558 W.
458 3510 501 3558 20.
522 3500 578 3577 ὅτι]
598 3507 661 3561 fort.
681 3502 761 3560 αὐτό.
842 3508 885 3557 23.
905 3498 1080 3573 ὑπάρχουσιν
1099 3503 1144 3557 W.
