2444 3892
241 181 391 233 EUTOGII
411 181 674 233 COMMENTARIA
692 183 731 234 IN
752 181 894 234 CONICA.
1003 180 1067 245 307

74 325 302 410 bseruandum,
326 323 383 410 ait,
405 327 442 388 ut
464 324 545 388 haee
568 317 690 409 puncta
713 328 804 389 extra
823 346 857 389 se
876 326 983 409 posita
1002 327 1069 391 sint

75 453 157 518 eque
180 437 221 514 A,
244 435 272 495 B
296 431 384 495 intra
406 432 443 516 Γ,
467 435 501 494 A
524 431 576 494 uel
598 433 635 516 Γ,
659 436 693 495 A
716 431 802 496 intra
825 437 865 515 A,
888 435 925 496 B.

119 538 285 604 sciendum
319 539 441 622 autem,
473 537 572 601 etiam
601 537 636 600 in
664 537 927 620 contingentibus
956 539 1067 604 eadem

74 666 192 710 uemre.

382 749 438 813 Ad
461 770 563 833 prop.
586 747 741 813 XXVIII.

119 872 244 958 Operae
267 873 408 959 pretium
428 876 478 937 est
495 871 668 957 inquirere,
690 873 778 937 linea
799 894 898 938 curua
914 873 950 937 in
967 875 1066 958 plano

72 983 128 1045 ata
161 982 272 1044 utrum
305 979 418 1044 circuli
451 983 494 1044 sit
526 1000 619 1043 arcus
653 1000 695 1043 an
728 978 793 1044 alia
825 979 935 1063 aliqua
966 981 1067 1046 trium

73 1086 127 1152 oni
151 1085 330 1150 sectionum
355 1107 396 1149 an
420 1085 485 1150 alia
507 1089 636 1170 praeter
659 1084 729 1149 has.

121 1192 165 1256 sit
182 1191 283 1276 igitur
303 1191 379 1256 data
397 1194 505 1277 ΑΒΓ,
529 1194 562 1255 et
580 1191 783 1275 propositum
802 1191 854 1276 sit,
872 1195 909 1256 ut
927 1193 1066 1276 speeiem

73 1299 120 1364 ius
145 1319 337 1382 quaeramus
362 1319 414 1380 eo,
438 1318 501 1382 quo
525 1296 679 1375 diximum
701 1297 807 1363 modo,

118 2415 288 2476 sumantur
305 2411 340 2475 in
357 2412 444 2476 linea
462 2415 584 2496 puncta
601 2411 765 2495 aliquas,
786 2416 828 2494 A,
848 2415 881 2477 et
898 2433 956 2496 per
974 2415 1011 2490 Γ,
1031 2419 1064 2477 A

71 2520 172 2582 uncta
203 2524 310 2583 rectae
343 2518 473 2603 aliquae
505 2517 591 2582 inter
624 2539 658 2582 se
686 2518 858 2603 parallelae
887 2521 961 2601 ΓΒ,
995 2524 1028 2582 A
1035 2524 1065 2582 Ε

70 2628 209 2690 utantur
236 2624 323 2690 intra
350 2624 471 2689 lineam
499 2623 704 2708 terminatae,
732 2628 765 2688 et
788 2646 898 2689 rursus
922 2646 942 2689 a
965 2627 1002 2704 Γ,
1030 2631 1063 2688 A

120 2851 154 2905 In
171 2852 218 2922 fig.
240 2859 254 2906 1
275 2855 312 2918 Γ,
328 2857 353 2905 A
371 2853 515 2920 permutat
533 2850 583 2918 W,
601 2853 732 2905 ΚΘΛΜ
746 2868 812 2919 om.;
832 2850 862 2905 in
880 2852 927 2920 fig.
947 2857 963 2904 2
983 2856 1023 2923 K,
1039 2853 1063 2905 Θ

70 2926 200 2991 emutat,
219 2926 259 2990 M,
273 2928 297 2975 A
316 2939 368 2977 om.

70 3168 165 3240 Ιέρειιιε)
183 3186 217 3238 p,
240 3168 427 3239 περιφέρειαν
446 3169 490 3236 W,
517 3186 585 3224 corr.
605 3169 707 3239 Halley
727 3186 790 3223 aum
810 3168 915 3223 Gomm.
995 3174 1019 3223 8.
1044 3161 1062 3235 ἢ

70 3241 130 3313 aa]
150 3240 265 3310 scripsi,
284 3241 413 3294 lacunam
432 3245 502 3294 5-6
520 3239 577 3296 litt.
596 3240 641 3308 W,
664 3239 717 3295 lae.
736 3255 853 3308 paruam
871 3258 904 3309 p,
923 3234 941 3307 ἦ
959 3238 1063 3305 Halley

70 3330 112 3366 um
132 3309 238 3366 Comm.
321 3317 345 3365 9.
364 3309 540 3381 προκείσθω]
558 3329 585 3398 ρ,
604 3312 784 3379 προσκείσθω
803 3308 848 3365 W.
937 3317 977 3364 13.
998 3308 1062 3378 ΓΒ]

70 3387 100 3436 'A
119 3382 188 3454 Wp,
207 3399 276 3438 corr.
296 3380 402 3436 Comm.
494 3388 535 3435 14.
555 3380 627 3452 από]
647 3379 680 3435 αἱ
697 3380 770 3449 Wp,
789 3395 858 3434 corr.
876 3379 979 3446 Halley
998 3395 1062 3432 cum

71 3470 155 3510 omm.
182 3522 220 3576 W
248 3450 354 3522 ἕτεραι]
378 3470 410 3523 p,
440 3449 550 3521 ἕταιραι
568 3451 614 3508 W.
705 3446 889 3522 παράλληλοι]
913 3456 964 3520 pa,
992 3469 1062 3517 παρ-

70 3527 165 3593 Italae
222 3565 228 3578 .

846 3608 901 3663 20*
