2444 3892
247 189 398 242 EUTOGII
416 190 680 243 COMMENTARIA
697 192 736 244 IN
756 190 899 246 CONIOA.
1009 190 1074 255 237

417 369 474 433 Ad
496 389 601 452 prop.
620 367 722 435 XXV.

125 493 166 559 In
185 493 377 578 quibusdam
397 493 561 558 codicibus
581 493 661 559 haec
681 515 809 579 quoque
827 495 930 560 fertur
944 496 1074 562 demon·

59 601 191 666 stratio:

127 716 274 774 sumatur
296 709 332 773 in
356 707 500 772 sectione
522 710 680 791 punctum
705 707 836 791 aliquod
859 713 901 793 Θ,
928 709 1076 775 ducatur-

59 838 122 900 que
160 819 233 900 ΖΘ;
271 820 331 880 zo
367 815 470 900 igitur
506 812 666 898 producto
701 834 775 879 oum
810 817 881 879 ΔΓ
914 817 1078 882 concurrit

675 923 780 1005 [prop.
804 919 946 1005 XXIII];
977 943 1077 1007 quare

674 1027 773 1091 otiam
812 1031 888 1092 ZE.
965 1050 1077 1093 rursus

673 1137 831 1218 punctum
850 1138 1005 1218 sumatur,
1024 1133 1078 1199 du-

627 1307 635 1325 ,
675 1242 831 1324 caturque
854 1244 920 1304 KZ
948 1244 981 1306 et
1006 1263 1079 1326 pro·

623 1329 632 1344 ’
676 1346 824 1431 ducatur;
839 1351 1009 1413 concurret
1018 1346 1078 1433 igi·
1187 1338 1190 1343 ¹

675 1457 728 1518 tur
744 1474 817 1518 cum
832 1458 899 1517 BA
912 1453 1077 1538 producto.

676 1581 774 1643 quare
798 1561 897 1625 ctiam
922 1564 997 1625 ZH.

410 1790 466 1854 Ad
490 1811 596 1873 prop.
614 1787 733 1853 XXVI.

129 1914 219 1980 Haec
248 1915 430 1999 propositio
460 1915 642 1997 complures
670 1913 771 1978 habet
798 1934 905 2001 ocsus,
936 1917 1077 1998 primum

62 2022 150 2108 quod
176 2025 239 2085 ΕΖ
273 2024 329 2085 ont
362 2020 402 2084 ad
428 2023 540 2105 partes
570 2040 729 2084 connexas
759 2021 912 2086 sectionis
941 2022 1078 2087 sumitur

62 2130 148 2195 sicut
174 2128 227 2193 hic
256 2132 313 2192 aut
341 2127 382 2193 ad
410 2148 583 2212 concauus,
611 2125 726 2190 deinde
755 2126 841 2211 quod
868 2130 957 2192 recto
985 2126 1025 2190 ab
1049 2132 1081 2192 Ε

62 2235 211 2300 ordinate
240 2235 335 2299 ducta
362 2235 451 2299 intus
480 2233 610 2318 quidem
636 2233 854 2298 indifferenter
877 2234 910 2298 in
934 2256 998 2301 uno
1024 2235 1079 2299 oli-

64 2363 128 2427 quo
152 2344 273 2426 puncto
297 2362 371 2406 oum
396 2341 554 2405 diametro
578 2339 751 2425 concurrit,
775 2362 856 2424 qnos
874 2341 1002 2407 infinito
1021 2344 1079 2424 est,

63 2450 155 2512 extra
178 2469 256 2512 uero
279 2449 400 2531 posita,
424 2447 564 2512 maxime
587 2447 620 2511 in
643 2447 831 2532 hyperbolu‚
855 2449 912 2512 aut
935 2451 1027 2513 extra
1051 2451 1079 2510 Β

63 2557 122 2619 aut
144 2554 178 2618 in
200 2553 271 2638 ipso
295 2557 324 2617 Β
348 2558 405 2619 aut
427 2554 514 2618 inter
537 2559 582 2638 A,
605 2558 633 2618 Β
658 2555 770 2619 cadero
793 2557 911 2638 potest.

403 2764 460 2830 Ad
483 2788 590 2851 prop.
608 2764 744 2831 XXVII.

131 2890 171 2954 In
200 2891 396 2975 quibusdum
425 2889 589 2956 codicibus
612 2890 693 2955 haec
716 2890 819 2955 fertur
842 2890 1078 2955 demonstratio

62 2997 299 3082 propositionis
322 2996 465 3062 XXVII:

132 3104 177 3168 sit
207 3104 377 3187 parabola,
409 3104 499 3169 ouius
532 3104 653 3168 diamet
639 3108 710 3169 trus
743 3104 785 3168 sit
818 3108 898 3188 AB,
931 3106 1079 3186 secctque

64 3231 136 3276 eam
167 3211 257 3275 rocta
286 3209 396 3294 aIIqua
419 3214 493 3274 HA
520 3211 607 3275 intra
635 3211 811 3275 sectionem
835 3211 951 3293 posit
999 3208 1080 3291 dico,

65 3396 254 3490 Edtouloup
336 3401 393 3490 κζ’]
414 3404 462 3490 κ,β
479 3403 610 3475 dmut'
602 3421 631 3456 1n
652 3423 664 3458 ε
683 3403 797 3472 (euan.,)
816 3401 865 3468 W;
885 3418 964 3457 corr.¹
975 3402 1080 3457 Comm

101 3476 145 3526 20.
164 3469 296 3544 φέρεται]
316 3472 402 3542 φέρει
388 3493 434 3527 troc
423 3469 508 3543 ιὴρ,
529 3491 655 3544 coenan
711 3479 753 3528 22.
773 3493 813 3528 πα
815 3494 851 3542 oc
832 3445 978 3545 αβολῆςρ.
1034 3464 1079 3544 ἧς]

65 3559 120 3599 om.
139 3561 166 3613 p.
