<?xml version="1.0" encoding="UTF-8"?>
<!DOCTYPE html PUBLIC "-//W3C//DTD XHTML 1.0 Transitional//EN"
    "http://www.w3.org/TR/xhtml1/DTD/xhtml1-transitional.dtd">
<html xmlns="http://www.w3.org/1999/xhtml" xml:lang="en" lang="en">
 <head>
  <title>
</title>
<meta http-equiv="Content-Type" content="text/html;charset=utf-8" />
  <meta name='ocr-system' content='tesseract 3.04.00' />
  <meta name='ocr-capabilities' content='ocr_page ocr_carea ocr_par ocr_line ocrx_word'/>
</head>
<body>
  <div class='ocr_page' id='page_1' title='image "./apolloniipergae01apolgoog_0188.png"; bbox 0 0 2444 3892; ppageno 0'>
   <div class='ocr_carea' id='block_1_1' title="bbox 142 154 770 223">
    <p class='ocr_par' dir='ltr' id='par_1_1' title="bbox 142 154 770 223">
     <span class='ocr_line' id='line_1_1' title="bbox 142 154 770 223; baseline 0.01 -17"><span class='ocrx_word' id='word_1_1' title='bbox 142 158 206 223; x_wconf 82' lang='lat'><strong><em>102</em></strong></span> <span class='ocrx_word' id='word_1_2' title='bbox 533 154 770 212; x_wconf 64' lang='lat' dir='ltr'>monam</span> 
     </span>
    </p>
   </div>
   <div class='ocr_carea' id='block_1_2' title="bbox 83 294 1164 3148">
    <p class='ocr_par' dir='ltr' id='par_1_2' title="bbox 90 294 1164 1342">
     <span class='ocr_line' id='line_1_2' title="bbox 140 294 1163 391; baseline 0.002 -25"><span class='ocrx_word' id='word_1_3' title='bbox 140 297 378 386; x_wconf 91' lang='grc' dir='ltr'><strong><em>ἀμβλυγωνίου</em></strong></span> <span class='ocrx_word' id='word_1_4' title='bbox 401 294 615 386; x_wconf 73' lang='grc' dir='ltr'><em>ὑπερβάλλον</em></span> <span class='ocrx_word' id='word_1_5' title='bbox 636 296 846 391; x_wconf 74' lang='grc' dir='ltr'><strong><em>τετραγώνῳ,</em></strong></span> <span class='ocrx_word' id='word_1_6' title='bbox 868 298 908 366; x_wconf 82' lang='grc' dir='ltr'><strong><em>έν</em></strong></span> <span class='ocrx_word' id='word_1_7' title='bbox 931 297 973 366; x_wconf 70' lang='grc' dir='ltr'><strong><em>δὲ</em></strong></span> <span class='ocrx_word' id='word_1_8' title='bbox 995 303 1037 388; x_wconf 75' lang='grc' dir='ltr'><strong><em>τῇ</em></strong></span> <span class='ocrx_word' id='word_1_9' title='bbox 1064 299 1163 387; x_wconf 80' lang='grc' dir='ltr'><strong><em>όρθο·</em></strong></span> 
     </span>
     <span class='ocr_line' id='line_1_3' title="bbox 138 400 1162 492; baseline 0.001 -19"><span class='ocrx_word' id='word_1_10' title='bbox 138 410 267 492; x_wconf 89' lang='grc' dir='ltr'><strong><em>γωνίου</em></strong></span> <span class='ocrx_word' id='word_1_11' title='bbox 304 403 381 472; x_wconf 81' lang='grc' dir='ltr'><strong><em>οὔτε</em></strong></span> <span class='ocrx_word' id='word_1_12' title='bbox 414 408 566 473; x_wconf 76' lang='grc' dir='ltr'><strong><em>ἐλλεῖπον</em></strong></span> <span class='ocrx_word' id='word_1_13' title='bbox 598 400 679 473; x_wconf 77' lang='grc' dir='ltr'><strong><em>οὔθ’</em></strong></span> <span class='ocrx_word' id='word_1_14' title='bbox 713 401 937 492; x_wconf 73' lang='grc' dir='ltr'><strong><em>ὑπερβάλλον.</em></strong></span> <span class='ocrx_word' id='word_1_15' title='bbox 993 409 1101 474; x_wconf 79' lang='grc' dir='ltr'><strong><em>τοῦτο</em></strong></span> <span class='ocrx_word' id='word_1_16' title='bbox 1132 403 1162 474; x_wconf 90' lang='grc' dir='ltr'><strong><em>δ’</em></strong></span> 
     </span>
     <span class='ocr_line' id='line_1_4' title="bbox 139 507 1164 599; baseline 0.002 -21"><span class='ocrx_word' id='word_1_17' title='bbox 139 516 267 579; x_wconf 77' lang='grc' dir='ltr'><strong><em>ἔπαθεν</em></strong></span> <span class='ocrx_word' id='word_1_18' title='bbox 296 509 341 599; x_wconf 81' lang='grc' dir='ltr'><strong><em>μὴ</em></strong></span> <span class='ocrx_word' id='word_1_19' title='bbox 370 510 600 598; x_wconf 79' lang='grc' dir='ltr'><strong><em>προσνοήσας,</em></strong></span> <span class='ocrx_word' id='word_1_20' title='bbox 628 507 680 579; x_wconf 82' lang='grc' dir='ltr'><strong><em>ὅτι</em></strong></span> <span class='ocrx_word' id='word_1_21' title='bbox 706 509 790 579; x_wconf 87' lang='grc' dir='ltr'><strong><em>κατά</em></strong></span> <span class='ocrx_word' id='word_1_22' title='bbox 817 536 896 578; x_wconf 85' lang='grc' dir='ltr'><strong><em>τινα</em></strong></span> <span class='ocrx_word' id='word_1_23' title='bbox 921 515 1007 597; x_wconf 90' lang='grc' dir='ltr'><strong><em>μίαν</em></strong></span> <span class='ocrx_word' id='word_1_24' title='bbox 1034 515 1164 580; x_wconf 77' lang='grc' dir='ltr'><strong><em>πτῶσιν</em></strong></span> 
     </span>
     <span class='ocr_line' id='line_1_5' title="bbox 139 613 1164 704; baseline 0.003 -20"><span class='ocrx_word' id='word_1_25' title='bbox 139 620 200 684; x_wconf 84' lang='grc' dir='ltr'><strong><em>τοῦ</em></strong></span> <span class='ocrx_word' id='word_1_26' title='bbox 223 618 404 704; x_wconf 81' lang='grc' dir='ltr'><strong><em>τέμνοντος</em></strong></span> <span class='ocrx_word' id='word_1_27' title='bbox 428 618 586 685; x_wconf 76' lang='grc' dir='ltr'><strong><em>ἐπιπέδου</em></strong></span> <span class='ocrx_word' id='word_1_28' title='bbox 608 613 669 685; x_wconf 89' lang='grc' dir='ltr'><strong><em>τόν</em></strong></span> <span class='ocrx_word' id='word_1_29' title='bbox 687 619 802 685; x_wconf 90' lang='grc' dir='ltr'><strong><em>κῶνον</em></strong></span> <span class='ocrx_word' id='word_1_30' title='bbox 818 616 875 685; x_wconf 79' lang='grc' dir='ltr'><strong><em>καὶ</em></strong></span> <span class='ocrx_word' id='word_1_31' title='bbox 893 621 1091 704; x_wconf 75' lang='grc' dir='ltr'><strong><em>γεννῶντος</em></strong></span> <span class='ocrx_word' id='word_1_32' title='bbox 1108 622 1164 699; x_wconf 82' lang='grc' dir='ltr'><strong><em>τὰς</em></strong></span> 
     </span>
     <span class='ocr_line' id='line_1_6' title="bbox 106 721 1161 814; baseline 0.006 -26"><span class='ocrx_word' id='word_1_33' title='bbox 106 739 122 788; x_wconf 80' lang='lat'>5</span> <span class='ocrx_word' id='word_1_34' title='bbox 141 736 230 809; x_wconf 79' lang='grc' dir='ltr'><strong><em>τρεῖς</em></strong></span> <span class='ocrx_word' id='word_1_35' title='bbox 256 722 409 811; x_wconf 76' lang='grc' dir='ltr'><strong><em>γραμμὰς</em></strong></span> <span class='ocrx_word' id='word_1_36' title='bbox 437 727 473 792; x_wconf 88' lang='grc' dir='ltr'><strong><em>έν</em></strong></span> <span class='ocrx_word' id='word_1_37' title='bbox 502 722 627 814; x_wconf 81' lang='grc' dir='ltr'><strong><em>έκάστῳ</em></strong></span> <span class='ocrx_word' id='word_1_38' title='bbox 650 726 719 792; x_wconf 89' lang='grc' dir='ltr'><strong><em>τῶν</em></strong></span> <span class='ocrx_word' id='word_1_39' title='bbox 742 722 862 792; x_wconf 87' lang='grc' dir='ltr'><strong><em>κώνων</em></strong></span> <span class='ocrx_word' id='word_1_40' title='bbox 885 721 971 811; x_wconf 84' lang='grc' dir='ltr'><strong><em>ἀλλη</em></strong></span> <span class='ocrx_word' id='word_1_41' title='bbox 995 725 1056 792; x_wconf 83' lang='grc' dir='ltr'><strong><em>καὶ</em></strong></span> <span class='ocrx_word' id='word_1_42' title='bbox 1079 725 1161 812; x_wconf 85' lang='grc' dir='ltr'><strong><em>ἀλλη</em></strong></span> 
     </span>
     <span class='ocr_line' id='line_1_7' title="bbox 138 824 1163 918; baseline 0.002 -21"><span class='ocrx_word' id='word_1_43' title='bbox 138 833 207 897; x_wconf 91' lang='grc' dir='ltr'><strong><em>τῶν</em></strong></span> <span class='ocrx_word' id='word_1_44' title='bbox 226 834 388 917; x_wconf 77' lang='grc' dir='ltr'><strong><em>γραμμῶν</em></strong></span> <span class='ocrx_word' id='word_1_45' title='bbox 407 835 544 917; x_wconf 73' lang='grc' dir='ltr'><strong><em>γίνεται,</em></strong></span> <span class='ocrx_word' id='word_1_46' title='bbox 567 824 610 915; x_wconf 81' lang='grc' dir='ltr'><strong><em>ἣν</em></strong></span> <span class='ocrx_word' id='word_1_47' title='bbox 630 828 812 916; x_wconf 82' lang='grc' dir='ltr'><strong><em>ὠνόμασαν</em></strong></span> <span class='ocrx_word' id='word_1_48' title='bbox 829 829 896 898; x_wconf 86' lang='grc' dir='ltr'><strong><em>ἀπὸ</em></strong></span> <span class='ocrx_word' id='word_1_49' title='bbox 915 833 975 917; x_wconf 83' lang='grc' dir='ltr'><strong><em>τῆς</em></strong></span> <span class='ocrx_word' id='word_1_50' title='bbox 993 831 1163 918; x_wconf 77' lang='grc' dir='ltr'><strong><em>ἰδιότητος</em></strong></span> 
     </span>
     <span class='ocr_line' id='line_1_8' title="bbox 139 932 1162 1026; baseline 0.004 -25"><span class='ocrx_word' id='word_1_51' title='bbox 139 938 200 1002; x_wconf 82' lang='grc' dir='ltr'><strong><em>τοῦ</em></strong></span> <span class='ocrx_word' id='word_1_52' title='bbox 222 935 344 1005; x_wconf 89' lang='grc' dir='ltr'><strong><em>κώνου.</em></strong></span> <span class='ocrx_word' id='word_1_53' title='bbox 381 937 439 1004; x_wconf 83' lang='grc' dir='ltr'><strong><em>έάν</em></strong></span> <span class='ocrx_word' id='word_1_54' title='bbox 461 932 526 1024; x_wconf 81' lang='grc' dir='ltr'><strong><em>γὰρ</em></strong></span> <span class='ocrx_word' id='word_1_55' title='bbox 546 934 583 1003; x_wconf 87' lang='grc' dir='ltr'><strong><em>τὸ</em></strong></span> <span class='ocrx_word' id='word_1_56' title='bbox 601 935 726 1022; x_wconf 80' lang='grc' dir='ltr'><strong><em>τέμνον</em></strong></span> <span class='ocrx_word' id='word_1_57' title='bbox 745 936 903 1003; x_wconf 80' lang='grc' dir='ltr'><strong><em>ἐπίπεδον</em></strong></span> <span class='ocrx_word' id='word_1_58' title='bbox 922 935 1015 1025; x_wconf 73' lang='grc' dir='ltr'><strong><em>ἀχθῇ</em></strong></span> <span class='ocrx_word' id='word_1_59' title='bbox 1035 937 1162 1026; x_wconf 86' lang='grc' dir='ltr'><strong><em>παράλ-</em></strong></span> 
     </span>
     <span class='ocr_line' id='line_1_9' title="bbox 138 1041 1160 1133; baseline 0.003 -26"><span class='ocrx_word' id='word_1_60' title='bbox 138 1046 243 1127; x_wconf 88' lang='grc' dir='ltr'><strong><em>ληλον</em></strong></span> <span class='ocrx_word' id='word_1_61' title='bbox 272 1046 332 1132; x_wconf 76' lang='grc' dir='ltr'><strong><em>μιᾷ</em></strong></span> <span class='ocrx_word' id='word_1_62' title='bbox 354 1045 416 1110; x_wconf 86' lang='grc' dir='ltr'><strong><em>τοῦ</em></strong></span> <span class='ocrx_word' id='word_1_63' title='bbox 437 1042 551 1111; x_wconf 89' lang='grc' dir='ltr'><strong><em>κώνου</em></strong></span> <span class='ocrx_word' id='word_1_64' title='bbox 574 1045 716 1133; x_wconf 76' lang='grc' dir='ltr'><strong><em>πλευρᾷ,</em></strong></span> <span class='ocrx_word' id='word_1_65' title='bbox 745 1047 872 1128; x_wconf 89' lang='grc' dir='ltr'><strong><em>γίνεται</em></strong></span> <span class='ocrx_word' id='word_1_66' title='bbox 894 1046 954 1128; x_wconf 87' lang='grc' dir='ltr'><strong><em>μία</em></strong></span> <span class='ocrx_word' id='word_1_67' title='bbox 978 1041 1071 1130; x_wconf 88' lang='grc' dir='ltr'><strong><em>μόνη</em></strong></span> <span class='ocrx_word' id='word_1_68' title='bbox 1095 1054 1160 1112; x_wconf 81' lang='grc' dir='ltr'><strong><em>τῶν</em></strong></span> 
     </span>
     <span class='ocr_line' id='line_1_10' title="bbox 138 1144 1161 1237; baseline 0.002 -22"><span class='ocrx_word' id='word_1_69' title='bbox 138 1152 243 1233; x_wconf 88' lang='grc' dir='ltr'><strong><em>τριῶν</em></strong></span> <span class='ocrx_word' id='word_1_70' title='bbox 265 1153 427 1237; x_wconf 87' lang='grc' dir='ltr'><strong><em>γραμμῶν</em></strong></span> <span class='ocrx_word' id='word_1_71' title='bbox 448 1148 501 1216; x_wconf 81' lang='grc' dir='ltr'><strong><em>ἀεὶ</em></strong></span> <span class='ocrx_word' id='word_1_72' title='bbox 519 1145 540 1234; x_wconf 81' lang='grc' dir='ltr'><em>ἡ</em></span> <span class='ocrx_word' id='word_1_73' title='bbox 561 1145 654 1235; x_wconf 77' lang='grc' dir='ltr'><strong><em>αὐτή,</em></strong></span> <span class='ocrx_word' id='word_1_74' title='bbox 678 1147 723 1235; x_wconf 73' lang='grc' dir='ltr'><strong><em>ἠν</em></strong></span> <span class='ocrx_word' id='word_1_75' title='bbox 742 1147 918 1236; x_wconf 82' lang='grc' dir='ltr'><strong><em>ὠνόμασεν</em></strong></span> <span class='ocrx_word' id='word_1_76' title='bbox 937 1144 956 1217; x_wconf 86' lang='grc' dir='ltr'>ὁ</span> <span class='ocrx_word' id='word_1_77' title='bbox 973 1147 1161 1236; x_wconf 70' lang='grc' dir='ltr'><strong><em>Ἀρισταῖος</em></strong></span> 
     </span>
     <span class='ocr_line' id='line_1_11' title="bbox 90 1253 842 1342; baseline 0.001 -20"><span class='ocrx_word' id='word_1_78' title='bbox 90 1274 122 1322; x_wconf 83' lang='grc'><strong><em>10</em></strong></span> <span class='ocrx_word' id='word_1_79' title='bbox 143 1256 274 1323; x_wconf 80' lang='grc' dir='ltr'><strong><em>ἐκείνου</em></strong></span> <span class='ocrx_word' id='word_1_80' title='bbox 296 1258 358 1322; x_wconf 85' lang='grc' dir='ltr'><strong><em>τοῦ</em></strong></span> <span class='ocrx_word' id='word_1_81' title='bbox 379 1255 566 1342; x_wconf 75' lang='grc' dir='ltr'><strong><em>τμηθέντος</em></strong></span> <span class='ocrx_word' id='word_1_82' title='bbox 588 1254 702 1323; x_wconf 90' lang='grc' dir='ltr'><strong><em>κώνου</em></strong></span> <span class='ocrx_word' id='word_1_83' title='bbox 724 1253 842 1342; x_wconf 81' lang='grc' dir='ltr'><strong><em>τομήν.</em></strong></span> 
     </span>
    </p>

    <p class='ocr_par' dir='ltr' id='par_1_3' title="bbox 133 1351 1161 1772">
     <span class='ocr_line' id='line_1_12' title="bbox 200 1351 1160 1450; baseline 0.004 -23"><span class='ocrx_word' id='word_1_84' title='bbox 200 1358 235 1428; x_wconf 88' lang='grc' dir='ltr'><strong><em>Ὁ</em></strong></span> <span class='ocrx_word' id='word_1_85' title='bbox 259 1359 290 1427; x_wconf 90' lang='grc' dir='ltr'><strong><em>δ’</em></strong></span> <span class='ocrx_word' id='word_1_86' title='bbox 316 1351 380 1429; x_wconf 79' lang='grc' dir='ltr'><strong><em>οὖν</em></strong></span> <span class='ocrx_word' id='word_1_87' title='bbox 400 1359 637 1444; x_wconf 84' lang='grc' dir='ltr'><strong><em>Ἀπολλώνιος,</em></strong></span> <span class='ocrx_word' id='word_1_88' title='bbox 660 1356 716 1428; x_wconf 86' lang='grc' dir='ltr'><strong><em>οία</em></strong></span> <span class='ocrx_word' id='word_1_89' title='bbox 738 1361 881 1450; x_wconf 77' lang='grc' dir='ltr'><strong><em>περιέχει</em></strong></span> <span class='ocrx_word' id='word_1_90' title='bbox 903 1357 944 1429; x_wconf 85' lang='grc' dir='ltr'><strong><em>τά</em></strong></span> <span class='ocrx_word' id='word_1_91' title='bbox 967 1357 1028 1429; x_wconf 80' lang='grc' dir='ltr'><strong><em>ὑπ’</em></strong></span> <span class='ocrx_word' id='word_1_92' title='bbox 1055 1358 1160 1431; x_wconf 83' lang='grc' dir='ltr'><strong><em>αὐτοῦ</em></strong></span> 
     </span>
     <span class='ocr_line' id='line_1_13' title="bbox 137 1465 1161 1556; baseline 0.003 -22"><span class='ocrx_word' id='word_1_93' title='bbox 137 1469 308 1555; x_wconf 84' lang='grc' dir='ltr'><strong><em>γραφέντα</em></strong></span> <span class='ocrx_word' id='word_1_94' title='bbox 338 1473 492 1536; x_wconf 80' lang='grc' dir='ltr'><strong><em>κωνικῶν</em></strong></span> <span class='ocrx_word' id='word_1_95' title='bbox 520 1472 543 1556; x_wconf 75' lang='grc' dir='ltr'><em>ᾗ</em></span> <span class='ocrx_word' id='word_1_96' title='bbox 569 1471 696 1555; x_wconf 81' lang='grc' dir='ltr'><strong><em>βιβλία,</em></strong></span> <span class='ocrx_word' id='word_1_97' title='bbox 724 1468 813 1554; x_wconf 83' lang='grc' dir='ltr'><strong><em>λέγει</em></strong></span> <span class='ocrx_word' id='word_1_98' title='bbox 845 1465 1065 1554; x_wconf 85' lang='grc' dir='ltr'><strong><em>κεφαλαιώδη</em></strong></span> <span class='ocrx_word' id='word_1_99' title='bbox 1087 1469 1161 1551; x_wconf 68' lang='grc' dir='ltr'><strong><em>θεὶς</em></strong></span> 
     </span>
     <span class='ocr_line' id='line_1_14' title="bbox 137 1571 1158 1667; baseline 0.007 -30"><span class='ocrx_word' id='word_1_100' title='bbox 137 1571 353 1658; x_wconf 79' lang='grc' dir='ltr'><strong><em>προδήλωσιν</em></strong></span> <span class='ocrx_word' id='word_1_101' title='bbox 391 1575 427 1640; x_wconf 78' lang='grc' dir='ltr'><strong><em>ἐν</em></strong></span> <span class='ocrx_word' id='word_1_102' title='bbox 464 1577 509 1664; x_wconf 79' lang='grc' dir='ltr'><strong><em>τῷ</em></strong></span> <span class='ocrx_word' id='word_1_103' title='bbox 546 1578 711 1667; x_wconf 77' lang='grc' dir='ltr'><strong><em>προοιμίῳ</em></strong></span> <span class='ocrx_word' id='word_1_104' title='bbox 748 1577 810 1641; x_wconf 86' lang='grc' dir='ltr'><strong><em>τοῦ</em></strong></span> <span class='ocrx_word' id='word_1_105' title='bbox 846 1572 983 1663; x_wconf 88' lang='grc' dir='ltr'><strong><em>πρώτου</em></strong></span> <span class='ocrx_word' id='word_1_106' title='bbox 1016 1573 1158 1661; x_wconf 80' lang='grc' dir='ltr'><strong><em>ταύτην·</em></strong></span> 
     </span>
     <span class='ocr_line' id='line_1_15' title="bbox 133 1671 1159 1772; baseline 0.011 -31"><span class='ocrx_word' id='word_1_107' title='bbox 133 1671 300 1764; x_wconf 66' lang='grc' dir='ltr'><strong><em>κπεριέχει</em></strong></span> <span class='ocrx_word' id='word_1_108' title='bbox 328 1677 366 1745; x_wconf 77' lang='grc' dir='ltr'><strong><em>δὲ</em></strong></span> <span class='ocrx_word' id='word_1_109' title='bbox 393 1683 430 1746; x_wconf 90' lang='grc' dir='ltr'><strong><em>τὸ</em></strong></span> <span class='ocrx_word' id='word_1_110' title='bbox 459 1679 522 1765; x_wconf 72' lang='grc' dir='ltr'><strong><em>μὲν</em></strong></span> <span class='ocrx_word' id='word_1_111' title='bbox 549 1685 683 1770; x_wconf 88' lang='grc' dir='ltr'><strong><em>πρῶτον</em></strong></span> <span class='ocrx_word' id='word_1_112' title='bbox 708 1679 769 1761; x_wconf 78' lang='grc' dir='ltr'><strong><em>τὰς</em></strong></span> <span class='ocrx_word' id='word_1_113' title='bbox 791 1680 938 1768; x_wconf 80' lang='grc' dir='ltr'><strong><em>γενέσεις</em></strong></span> <span class='ocrx_word' id='word_1_114' title='bbox 960 1683 1032 1750; x_wconf 89' lang='grc' dir='ltr'><strong><em>τῶν</em></strong></span> <span class='ocrx_word' id='word_1_115' title='bbox 1056 1687 1159 1772; x_wconf 87' lang='grc' dir='ltr'><strong><em>τριῶν</em></strong></span> 
     </span>
    </p>

    <p class='ocr_par' dir='ltr' id='par_1_4' title="bbox 86 1783 1161 2302">
     <span class='ocr_line' id='line_1_16' title="bbox 86 1783 1160 1878; baseline 0.007 -28"><span class='ocrx_word' id='word_1_116' title='bbox 86 1801 119 1851; x_wconf 81' lang='lat'><strong><em>15</em></strong></span> <span class='ocrx_word' id='word_1_117' title='bbox 137 1785 249 1870; x_wconf 91' lang='grc' dir='ltr'><strong><em>τομῶν</em></strong></span> <span class='ocrx_word' id='word_1_118' title='bbox 273 1783 329 1850; x_wconf 84' lang='grc' dir='ltr'><strong><em>καί</em></strong></span> <span class='ocrx_word' id='word_1_119' title='bbox 351 1787 420 1852; x_wconf 90' lang='grc' dir='ltr'><strong><em>τῶν</em></strong></span> <span class='ocrx_word' id='word_1_120' title='bbox 443 1783 682 1874; x_wconf 76' lang='grc' dir='ltr'><strong><em>ἀντικειμένων</em></strong></span> <span class='ocrx_word' id='word_1_121' title='bbox 704 1787 762 1854; x_wconf 79' lang='grc' dir='ltr'><strong><em>καὶ</em></strong></span> <span class='ocrx_word' id='word_1_122' title='bbox 784 1784 825 1854; x_wconf 87' lang='grc' dir='ltr'><strong><em>τά</em></strong></span> <span class='ocrx_word' id='word_1_123' title='bbox 844 1788 882 1855; x_wconf 89' lang='grc' dir='ltr'><strong><em>έν</em></strong></span> <span class='ocrx_word' id='word_1_124' title='bbox 899 1783 1018 1866; x_wconf 70' lang='grc' dir='ltr'><strong><em>αὐταῖς</em></strong></span> <span class='ocrx_word' id='word_1_125' title='bbox 1037 1785 1160 1878; x_wconf 84' lang='grc' dir='ltr'><strong><em>ἀρχικά</em></strong></span> 
     </span>
     <span class='ocr_line' id='line_1_17' title="bbox 138 1889 1160 1982; baseline 0.008 -27"><span class='ocrx_word' id='word_1_126' title='bbox 138 1889 364 1977; x_wconf 75' lang='grc' dir='ltr'><strong><em>συμπτώματα</em></strong></span> <span class='ocrx_word' id='word_1_127' title='bbox 379 1893 433 1959; x_wconf 78' lang='grc' dir='ltr'><strong><em>ἐπὶ</em></strong></span> <span class='ocrx_word' id='word_1_128' title='bbox 447 1901 563 1962; x_wconf 78' lang='grc' dir='ltr'><strong><em>πλεῖον</em></strong></span> <span class='ocrx_word' id='word_1_129' title='bbox 577 1895 632 1962; x_wconf 85' lang='grc' dir='ltr'><strong><em>καὶ</em></strong></span> <span class='ocrx_word' id='word_1_130' title='bbox 646 1894 800 1962; x_wconf 76' lang='grc' dir='ltr'><strong><em>καθόλου</em></strong></span> <span class='ocrx_word' id='word_1_131' title='bbox 813 1896 942 1981; x_wconf 79' lang='grc' dir='ltr'><strong><em>μᾶλλον</em></strong></span> <span class='ocrx_word' id='word_1_132' title='bbox 952 1894 1160 1982; x_wconf 79' lang='grc' dir='ltr'><strong><em>ἐξητασμένα</em></strong></span> 
     </span>
     <span class='ocr_line' id='line_1_18' title="bbox 137 1992 1159 2091; baseline 0.008 -29"><span class='ocrx_word' id='word_1_133' title='bbox 137 1994 227 2083; x_wconf 80' lang='grc' dir='ltr'><strong><em>παρὰ</em></strong></span> <span class='ocrx_word' id='word_1_134' title='bbox 249 1994 289 2064; x_wconf 87' lang='grc' dir='ltr'><strong><em>τά</em></strong></span> <span class='ocrx_word' id='word_1_135' title='bbox 312 1992 377 2066; x_wconf 78' lang='grc' dir='ltr'><strong><em>ὑπὸ</em></strong></span> <span class='ocrx_word' id='word_1_136' title='bbox 401 2010 471 2070; x_wconf 83' lang='grc' dir='ltr'><strong><em>τῶν</em></strong></span> <span class='ocrx_word' id='word_1_137' title='bbox 494 2000 606 2070; x_wconf 86' lang='grc' dir='ltr'><strong><em>ἀλλων</em></strong></span> <span class='ocrx_word' id='word_1_138' title='bbox 624 2001 845 2091; x_wconf 92' lang='grc' dir='ltr'><strong><em>γεγραμμένα.</em></strong></span> <span class='ocrx_word' id='word_1_139' title='bbox 880 1997 919 2069; x_wconf 86' lang='grc' dir='ltr'><strong><em>τὸ</em></strong></span> <span class='ocrx_word' id='word_1_140' title='bbox 939 1999 977 2068; x_wconf 70' lang='grc' dir='ltr'><strong><em>δέ</em></strong></span> <span class='ocrx_word' id='word_1_141' title='bbox 996 1999 1159 2090; x_wconf 79' lang='grc' dir='ltr'><strong><em>δεύτερον</em></strong></span> 
     </span>
     <span class='ocr_line' id='line_1_19' title="bbox 137 2102 1160 2196; baseline 0.009 -28"><span class='ocrx_word' id='word_1_142' title='bbox 137 2102 177 2169; x_wconf 85' lang='grc' dir='ltr'><strong><em>τά</em></strong></span> <span class='ocrx_word' id='word_1_143' title='bbox 206 2103 281 2192; x_wconf 77' lang='grc' dir='ltr'><strong><em>περὶ</em></strong></span> <span class='ocrx_word' id='word_1_144' title='bbox 309 2104 368 2185; x_wconf 84' lang='grc' dir='ltr'><strong><em>τὰς</em></strong></span> <span class='ocrx_word' id='word_1_145' title='bbox 396 2109 594 2196; x_wconf 75' lang='grc' dir='ltr'><strong><em>διαμέτρους</em></strong></span> <span class='ocrx_word' id='word_1_146' title='bbox 621 2109 677 2175; x_wconf 77' lang='grc' dir='ltr'><strong><em>καὶ</em></strong></span> <span class='ocrx_word' id='word_1_147' title='bbox 704 2105 783 2187; x_wconf 76' lang='grc' dir='ltr'><strong><em>τοὺς</em></strong></span> <span class='ocrx_word' id='word_1_148' title='bbox 805 2104 929 2187; x_wconf 82' lang='grc' dir='ltr'><strong><em>ἀξουας</em></strong></span> <span class='ocrx_word' id='word_1_149' title='bbox 951 2108 1020 2174; x_wconf 90' lang='grc' dir='ltr'><strong><em>τῶν</em></strong></span> <span class='ocrx_word' id='word_1_150' title='bbox 1044 2112 1160 2196; x_wconf 91' lang='grc' dir='ltr'><strong><em>τομῶν</em></strong></span> 
     </span>
     <span class='ocr_line' id='line_1_20' title="bbox 137 2209 1161 2302; baseline 0.009 -28"><span class='ocrx_word' id='word_1_151' title='bbox 137 2209 192 2275; x_wconf 79' lang='grc' dir='ltr'><strong><em>καὶ</em></strong></span> <span class='ocrx_word' id='word_1_152' title='bbox 233 2213 301 2277; x_wconf 90' lang='grc' dir='ltr'><strong><em>τῶν</em></strong></span> <span class='ocrx_word' id='word_1_153' title='bbox 335 2209 575 2301; x_wconf 80' lang='grc' dir='ltr'><strong><em>ἀντικειμένων</em></strong></span> <span class='ocrx_word' id='word_1_154' title='bbox 611 2218 841 2298; x_wconf 91' lang='grc' dir='ltr'><strong><em>συμβαίνοντα</em></strong></span> <span class='ocrx_word' id='word_1_155' title='bbox 873 2213 929 2280; x_wconf 79' lang='grc' dir='ltr'><strong><em>καὶ</em></strong></span> <span class='ocrx_word' id='word_1_156' title='bbox 959 2209 1018 2292; x_wconf 88' lang='grc' dir='ltr'><strong><em>τάς</em></strong></span> <span class='ocrx_word' id='word_1_157' title='bbox 1052 2210 1161 2302; x_wconf 89' lang='grc' dir='ltr'><strong><em>ἀσυμ-</em></strong></span> 
     </span>
    </p>

    <p class='ocr_par' dir='ltr' id='par_1_5' title="bbox 84 2313 1160 2830">
     <span class='ocr_line' id='line_1_21' title="bbox 84 2313 1160 2405; baseline 0.005 -21"><span class='ocrx_word' id='word_1_158' title='bbox 84 2335 118 2384; x_wconf 79' lang='lat'><strong><em>20</em></strong></span> <span class='ocrx_word' id='word_1_159' title='bbox 137 2313 286 2394; x_wconf 88' lang='grc' dir='ltr'><strong><em>πτῶτους</em></strong></span> <span class='ocrx_word' id='word_1_160' title='bbox 304 2316 360 2384; x_wconf 85' lang='grc' dir='ltr'><strong><em>καὶ</em></strong></span> <span class='ocrx_word' id='word_1_161' title='bbox 379 2318 465 2385; x_wconf 85' lang='grc' dir='ltr'><strong><em>ἀλλα</em></strong></span> <span class='ocrx_word' id='word_1_162' title='bbox 483 2317 621 2404; x_wconf 79' lang='grc' dir='ltr'><strong><em>γενικὴν</em></strong></span> <span class='ocrx_word' id='word_1_163' title='bbox 638 2318 694 2385; x_wconf 82' lang='grc' dir='ltr'><strong><em>καὶ</em></strong></span> <span class='ocrx_word' id='word_1_164' title='bbox 713 2316 902 2404; x_wconf 80' lang='grc' dir='ltr'><strong><em>ἀναγκαίαν</em></strong></span> <span class='ocrx_word' id='word_1_165' title='bbox 920 2323 1037 2405; x_wconf 85' lang='grc' dir='ltr'><strong><em>χρείαν</em></strong></span> <span class='ocrx_word' id='word_1_166' title='bbox 1057 2344 1160 2405; x_wconf 89' lang='grc' dir='ltr'><strong><em>παρε-</em></strong></span> 
     </span>
     <span class='ocr_line' id='line_1_22' title="bbox 137 2421 1159 2515; baseline 0.006 -27"><span class='ocrx_word' id='word_1_167' title='bbox 137 2421 262 2508; x_wconf 89' lang='grc' dir='ltr'><strong><em>χόμενα</em></strong></span> <span class='ocrx_word' id='word_1_168' title='bbox 286 2423 370 2510; x_wconf 90' lang='grc' dir='ltr'><strong><em>πρὸς</em></strong></span> <span class='ocrx_word' id='word_1_169' title='bbox 392 2423 472 2503; x_wconf 81' lang='grc' dir='ltr'><strong><em>τοὺς</em></strong></span> <span class='ocrx_word' id='word_1_170' title='bbox 494 2422 703 2512; x_wconf 87' lang='grc' dir='ltr'><strong><em>διορισμοός·</em></strong></span> <span class='ocrx_word' id='word_1_171' title='bbox 731 2429 826 2504; x_wconf 88' lang='grc' dir='ltr'><strong><em>τίνας</em></strong></span> <span class='ocrx_word' id='word_1_172' title='bbox 850 2423 888 2492; x_wconf 74' lang='grc' dir='ltr'><strong><em>δὲ</em></strong></span> <span class='ocrx_word' id='word_1_173' title='bbox 911 2423 1114 2512; x_wconf 87' lang='grc' dir='ltr'><strong><em>διαμέτρους</em></strong></span> <span class='ocrx_word' id='word_1_174' title='bbox 1137 2423 1159 2515; x_wconf 84' lang='grc' dir='ltr'>ἢ</span> 
     </span>
     <span class='ocr_line' id='line_1_23' title="bbox 136 2528 1160 2618; baseline 0.009 -24"><span class='ocrx_word' id='word_1_175' title='bbox 136 2532 229 2608; x_wconf 86' lang='grc' dir='ltr'><strong><em>τίνας</em></strong></span> <span class='ocrx_word' id='word_1_176' title='bbox 257 2530 380 2611; x_wconf 82' lang='grc' dir='ltr'><strong><em>ἀξονας</em></strong></span> <span class='ocrx_word' id='word_1_177' title='bbox 407 2533 514 2615; x_wconf 89' lang='grc' dir='ltr'><strong><em>καλῶ,</em></strong></span> <span class='ocrx_word' id='word_1_178' title='bbox 543 2528 688 2616; x_wconf 82' lang='grc' dir='ltr'><strong><em>εἰδήσεις</em></strong></span> <span class='ocrx_word' id='word_1_179' title='bbox 715 2532 751 2599; x_wconf 89' lang='grc' dir='ltr'><strong><em>έκ</em></strong></span> <span class='ocrx_word' id='word_1_180' title='bbox 780 2528 903 2599; x_wconf 81' lang='grc' dir='ltr'><strong><em>τούτου</em></strong></span> <span class='ocrx_word' id='word_1_181' title='bbox 925 2530 986 2598; x_wconf 79' lang='grc' dir='ltr'><em>τοῖ</em></span> <span class='ocrx_word' id='word_1_182' title='bbox 1009 2534 1160 2618; x_wconf 90' lang='grc' dir='ltr'><strong><em>βιβλίου.</em></strong></span> 
     </span>
     <span class='ocr_line' id='line_1_24' title="bbox 136 2632 1160 2724; baseline 0.007 -25"><span class='ocrx_word' id='word_1_183' title='bbox 136 2633 173 2699; x_wconf 90' lang='grc' dir='ltr'><strong><em>τὸ</em></strong></span> <span class='ocrx_word' id='word_1_184' title='bbox 199 2634 236 2701; x_wconf 73' lang='grc' dir='ltr'><strong><em>δέ</em></strong></span> <span class='ocrx_word' id='word_1_185' title='bbox 259 2639 373 2723; x_wconf 90' lang='grc' dir='ltr'><strong><em>τρίτον</em></strong></span> <span class='ocrx_word' id='word_1_186' title='bbox 397 2632 503 2703; x_wconf 82' lang='grc' dir='ltr'><strong><em>πολλὰ</em></strong></span> <span class='ocrx_word' id='word_1_187' title='bbox 526 2634 582 2701; x_wconf 80' lang='grc' dir='ltr'><strong><em>καὶ</em></strong></span> <span class='ocrx_word' id='word_1_188' title='bbox 606 2649 749 2703; x_wconf 83' lang='grc' dir='ltr'><strong><em>παντοῖα</em></strong></span> <span class='ocrx_word' id='word_1_189' title='bbox 772 2634 917 2722; x_wconf 80' lang='grc' dir='ltr'><strong><em>χρήσιμα</em></strong></span> <span class='ocrx_word' id='word_1_190' title='bbox 940 2634 1024 2724; x_wconf 88' lang='grc' dir='ltr'><strong><em>πρός</em></strong></span> <span class='ocrx_word' id='word_1_191' title='bbox 1043 2662 1079 2705; x_wconf 88' lang='grc' dir='ltr'><strong><em>τε</em></strong></span> <span class='ocrx_word' id='word_1_192' title='bbox 1098 2641 1160 2719; x_wconf 84' lang='grc' dir='ltr'><strong><em>τὰς</em></strong></span> 
     </span>
     <span class='ocr_line' id='line_1_25' title="bbox 137 2735 1157 2830; baseline 0.006 -23"><span class='ocrx_word' id='word_1_193' title='bbox 137 2740 314 2820; x_wconf 79' lang='grc' dir='ltr'><strong><em>συνθέσεις</em></strong></span> <span class='ocrx_word' id='word_1_194' title='bbox 328 2754 395 2809; x_wconf 81' lang='grc' dir='ltr'><strong><em>τῶν</em></strong></span> <span class='ocrx_word' id='word_1_195' title='bbox 410 2753 553 2829; x_wconf 80' lang='grc' dir='ltr'><strong><em>στερεῶν</em></strong></span> <span class='ocrx_word' id='word_1_196' title='bbox 571 2742 684 2809; x_wconf 87' lang='grc' dir='ltr'><strong><em>τόπων</em></strong></span> <span class='ocrx_word' id='word_1_197' title='bbox 702 2741 758 2809; x_wconf 82' lang='grc' dir='ltr'><strong><em>καί</em></strong></span> <span class='ocrx_word' id='word_1_198' title='bbox 776 2738 856 2821; x_wconf 83' lang='grc' dir='ltr'><strong><em>τοὺς</em></strong></span> <span class='ocrx_word' id='word_1_199' title='bbox 874 2741 1083 2830; x_wconf 85' lang='grc' dir='ltr'><strong><em>διορισμοός,</em></strong></span> <span class='ocrx_word' id='word_1_200' title='bbox 1104 2735 1157 2813; x_wconf 83' lang='grc' dir='ltr'><strong><em>ῶν</em></strong></span> 
     </span>
    </p>

    <p class='ocr_par' dir='ltr' id='par_1_6' title="bbox 83 2846 1160 3148">
     <span class='ocr_line' id='line_1_26' title="bbox 83 2846 1158 2938; baseline 0.007 -26"><span class='ocrx_word' id='word_1_201' title='bbox 83 2864 117 2912; x_wconf 80' lang='lat'><strong><em>25</em></strong></span> <span class='ocrx_word' id='word_1_202' title='bbox 136 2846 176 2913; x_wconf 83' lang='grc' dir='ltr'><strong><em>τὰ</em></strong></span> <span class='ocrx_word' id='word_1_203' title='bbox 195 2851 334 2914; x_wconf 89' lang='grc' dir='ltr'><strong><em>πλείονα</em></strong></span> <span class='ocrx_word' id='word_1_204' title='bbox 355 2847 412 2914; x_wconf 80' lang='grc' dir='ltr'><strong><em>καὶ</em></strong></span> <span class='ocrx_word' id='word_1_205' title='bbox 430 2848 514 2914; x_wconf 84' lang='grc' dir='ltr'><strong><em>καλὰ</em></strong></span> <span class='ocrx_word' id='word_1_206' title='bbox 538 2846 594 2914; x_wconf 83' lang='grc' dir='ltr'><strong><em>καὶ</em></strong></span> <span class='ocrx_word' id='word_1_207' title='bbox 618 2847 695 2928; x_wconf 87' lang='grc' dir='ltr'><strong><em>ξένα</em></strong></span> <span class='ocrx_word' id='word_1_208' title='bbox 718 2848 984 2935; x_wconf 80' lang='grc' dir='ltr'><strong><em>κατανοήσαντες</em></strong></span> <span class='ocrx_word' id='word_1_209' title='bbox 1006 2846 1158 2938; x_wconf 79' lang='grc' dir='ltr'><strong><em>εὕρομεν</em></strong></span> 
     </span>
     <span class='ocr_line' id='line_1_27' title="bbox 136 2944 1159 3043; baseline 0.007 -24"><span class='ocrx_word' id='word_1_210' title='bbox 136 2955 180 3038; x_wconf 79' lang='grc' dir='ltr'><strong><em>μὴ</em></strong></span> <span class='ocrx_word' id='word_1_211' title='bbox 205 2953 449 3039; x_wconf 75' lang='grc' dir='ltr'><strong><em>συντιθέμενον</em></strong></span> <span class='ocrx_word' id='word_1_212' title='bbox 472 2949 538 3021; x_wconf 82' lang='grc' dir='ltr'><strong><em>ὑπὸ</em></strong></span> <span class='ocrx_word' id='word_1_213' title='bbox 562 2950 751 3021; x_wconf 84' lang='grc' dir='ltr'><strong><em>Εὐκλείδου</em></strong></span> <span class='ocrx_word' id='word_1_214' title='bbox 778 2957 838 3021; x_wconf 88' lang='grc' dir='ltr'><strong><em>τὸυ</em></strong></span> <span class='ocrx_word' id='word_1_215' title='bbox 861 2953 914 3022; x_wconf 84' lang='grc' dir='ltr'><strong><em>έπὶ</em></strong></span> <span class='ocrx_word' id='word_1_216' title='bbox 937 2965 1025 3043; x_wconf 80' lang='grc' dir='ltr'><strong><em>τρεῖς</em></strong></span> <span class='ocrx_word' id='word_1_217' title='bbox 1047 2956 1106 3024; x_wconf 80' lang='grc' dir='ltr'><strong><em>καί</em></strong></span> <span class='ocrx_word' id='word_1_218' title='bbox 1137 2944 1159 3026; x_wconf 86' lang='grc' dir='ltr'><strong><em>δ</em></strong></span> 
     </span>
     <span class='ocr_line' id='line_1_28' title="bbox 137 3055 1160 3148; baseline 0.006 -22"><span class='ocrx_word' id='word_1_219' title='bbox 137 3058 290 3146; x_wconf 73' lang='grc' dir='ltr'><strong><em>γραμμὰς</em></strong></span> <span class='ocrx_word' id='word_1_220' title='bbox 313 3058 429 3145; x_wconf 89' lang='grc' dir='ltr'><strong><em>τόπον,</em></strong></span> <span class='ocrx_word' id='word_1_221' title='bbox 453 3055 538 3126; x_wconf 88' lang='grc' dir='ltr'><strong><em>ἀλλά</em></strong></span> <span class='ocrx_word' id='word_1_222' title='bbox 562 3059 685 3148; x_wconf 90' lang='grc' dir='ltr'><strong><em>μόριόν</em></strong></span> <span class='ocrx_word' id='word_1_223' title='bbox 708 3085 740 3126; x_wconf 92' lang='grc' dir='ltr'><strong><em>τι</em></strong></span> <span class='ocrx_word' id='word_1_224' title='bbox 763 3057 870 3128; x_wconf 83' lang='grc' dir='ltr'><strong><em>αὐτοῦ</em></strong></span> <span class='ocrx_word' id='word_1_225' title='bbox 893 3060 1068 3130; x_wconf 80' lang='grc' dir='ltr'><strong><em>καὶτοῦτο</em></strong></span> <span class='ocrx_word' id='word_1_226' title='bbox 1093 3061 1160 3132; x_wconf 76' lang='grc' dir='ltr'><strong><em>οὐκ</em></strong></span> 
     </span>
    </p>
   </div>
   <div class='ocr_carea' id='block_1_3' title="bbox 137 3163 1159 3257">
    <p class='ocr_par' dir='ltr' id='par_1_7' title="bbox 137 3163 1159 3257">
     <span class='ocr_line' id='line_1_29' title="bbox 137 3163 1159 3257; baseline 0.008 -26"><span class='ocrx_word' id='word_1_227' title='bbox 137 3163 293 3251; x_wconf 80' lang='grc' dir='ltr'><strong><em>εὐτυχῶς·</em></strong></span> <span class='ocrx_word' id='word_1_228' title='bbox 330 3163 371 3233; x_wconf 84' lang='grc' dir='ltr'><strong><em>οὐ</em></strong></span> <span class='ocrx_word' id='word_1_229' title='bbox 405 3163 469 3253; x_wconf 88' lang='grc' dir='ltr'><strong><em>γάρ</em></strong></span> <span class='ocrx_word' id='word_1_230' title='bbox 504 3165 651 3235; x_wconf 91' lang='grc' dir='ltr'><strong><em>δυνατὸν</em></strong></span> <span class='ocrx_word' id='word_1_231' title='bbox 683 3167 767 3234; x_wconf 83' lang='grc' dir='ltr'><strong><em>ἀνευ</em></strong></span> <span class='ocrx_word' id='word_1_232' title='bbox 799 3169 867 3234; x_wconf 87' lang='grc' dir='ltr'><strong><em>τῶν</em></strong></span> <span class='ocrx_word' id='word_1_233' title='bbox 900 3169 1159 3257; x_wconf 85' lang='grc' dir='ltr'><strong><em>προειρημένων</em></strong></span> 
     </span>
    </p>
   </div>
   <div class='ocr_carea' id='block_1_4' title="bbox 135 3334 1159 3573">
    <p class='ocr_par' dir='ltr' id='par_1_8' title="bbox 135 3334 1159 3573">
     <span class='ocr_line' id='line_1_30' title="bbox 208 3334 1159 3432; baseline 0.011 -21"><span class='ocrx_word' id='word_1_234' title='bbox 208 3364 233 3413; x_wconf 80' lang='lat'><strong><em>2.</em></strong></span> <span class='ocrx_word' id='word_1_235' title='bbox 262 3362 345 3415; x_wconf 80' lang='grc' dir='ltr'><strong><em>τοῦτο</em></strong></span> <span class='ocrx_word' id='word_1_236' title='bbox 371 3358 400 3414; x_wconf 81' lang='grc' dir='ltr'><strong><em>δ’</em></strong></span> <span class='ocrx_word' id='word_1_237' title='bbox 427 3334 540 3416; x_wconf 66' lang='grc' dir='ltr'><strong><em>ἔπαθεν</em></strong></span> <span class='ocrx_word' id='word_1_238' title='bbox 565 3392 598 3400; x_wconf 93' lang='grc'><strong>-</strong></span> <span class='ocrx_word' id='word_1_239' title='bbox 625 3368 665 3418; x_wconf 89' lang='lat'><strong><em>10.</em></strong></span> <span class='ocrx_word' id='word_1_240' title='bbox 692 3356 795 3432; x_wconf 85' lang='grc' dir='ltr'><strong><em>τομήν]</em></strong></span> <span class='ocrx_word' id='word_1_241' title='bbox 823 3360 1024 3432; x_wconf 75' lang='lat' dir='ltr'>interpolatori</span> <span class='ocrx_word' id='word_1_242' title='bbox 1051 3362 1159 3421; x_wconf 72' lang='lat' dir='ltr'><strong>tribuit</strong></span> 
     </span>
     <span class='ocr_line' id='line_1_31' title="bbox 135 3427 1157 3520; baseline 0.009 -36"><span class='ocrx_word' id='word_1_243' title='bbox 135 3429 264 3515; x_wconf 51' lang='lat' dir='ltr'><strong>Hultsclff.</strong></span> <span class='ocrx_word' id='word_1_244' title='bbox 347 3438 371 3514; x_wconf 88' lang='lat'><strong><em>3.</em></strong></span> <span class='ocrx_word' id='word_1_245' title='bbox 391 3427 602 3520; x_wconf 72' lang='grc' dir='ltr'><strong><em>τιροσεννοηορις</em></strong></span> <span class='ocrx_word' id='word_1_246' title='bbox 619 3431 748 3487; x_wconf 77' lang='lat' dir='ltr'><strong>Hultsch.</strong></span> <span class='ocrx_word' id='word_1_247' title='bbox 827 3433 907 3506; x_wconf 90' lang='grc' dir='ltr'><strong><em>μίαν]</em></strong></span> <span class='ocrx_word' id='word_1_248' title='bbox 927 3431 1004 3489; x_wconf 91' lang='grc' dir='ltr'><strong><em>ίδίαν</em></strong></span> <span class='ocrx_word' id='word_1_249' title='bbox 1022 3432 1157 3494; x_wconf 78' lang='lat' dir='ltr'><strong>Hultsch.</strong></span> 
     </span>
     <span class='ocr_line' id='line_1_32' title="bbox 172 3500 821 3573; baseline 0.008 -19"><span class='ocrx_word' id='word_1_250' title='bbox 172 3506 197 3555; x_wconf 87' lang='lat'><strong><em>4.</em></strong></span> <span class='ocrx_word' id='word_1_251' title='bbox 217 3500 278 3572; x_wconf 86' lang='grc' dir='ltr'><strong><em>τας]</em></strong></span> <span class='ocrx_word' id='word_1_252' title='bbox 300 3501 407 3558; x_wconf 78' lang='grc' dir='ltr'><strong><em>αδδιδι.</em></strong></span> <span class='ocrx_word' id='word_1_253' title='bbox 481 3509 505 3558; x_wconf 87' lang='grc'><strong><em>6.</em></strong></span> <span class='ocrx_word' id='word_1_254' title='bbox 526 3521 673 3573; x_wconf 87' lang='grc' dir='ltr'><strong><em>ωνομαοεν</em></strong></span> <span class='ocrx_word' id='word_1_255' title='bbox 693 3502 821 3559; x_wconf 77' lang='lat' dir='ltr'><strong>Hultsoh.</strong></span> 
     </span>
    </p>
   </div>
   <div class='ocr_carea' id='block_1_5' title="bbox 0 0 1226 3892">
    <p class='ocr_par' dir='ltr' id='par_1_9' title="bbox 0 0 1226 3892">
     <span class='ocr_line' id='line_1_33' title="bbox 0 0 1226 3892; baseline 0 0"><span class='ocrx_word' id='word_1_256' title='bbox 0 0 1226 3892; x_wconf 95' lang='lat' dir='ltr'><strong><em> </em></strong></span> 
     </span>
    </p>
   </div>
  </div>
 </body>
</html>
