2444 3892
131 121 197 186 260
412 119 676 172 οοαιιωανιωιε
693 119 861 183 ιαοιοοι.

131 264 236 353 ἐντῷ
261 262 359 351 ῥητῷ.
404 264 436 327 εί
458 258 496 327 δέ
519 259 665 346 ἐξωτέρω
688 262 806 348 ληφθῇ
829 257 867 328 τὸ
889 266 928 326 Η
946 264 1009 328 τοῦ
1028 268 1070 348 Ε,
1093 262 1146 330 καὶ

130 366 151 453 ή
176 365 232 433 ἀπ’
255 362 360 432 αὐτοῦ
382 377 422 454 τη
446 372 510 432 ΕΖ
532 364 746 452 παράλληλος
768 363 890 452 μεταξὺ
913 366 997 455 πέση
1021 371 1091 435 τών
1111 375 1147 452 Ζ,

131 479 174 560 Γ,
202 470 239 540 τὸ
263 479 291 539 Θ
320 485 459 558 σημεῖον
481 485 573 541 ποιεῖ
593 471 732 552 πτώσεις
754 473 865 540 πέντε·
893 467 913 559 ή
937 472 1002 558 γὰρ
1027 471 1148 561 μεταξὺ

130 583 199 647 τών
222 585 270 663 Δ,
294 584 322 645 Β
352 583 462 646 πίπτει
489 574 510 664 ή
537 578 590 646 ἐπὶ
612 575 650 646 τδ
673 584 702 645 Β
726 573 747 664 ή
771 574 893 666 μεταξὺ
915 581 984 646 τών
1008 585 1054 665 Β,
1080 576 1148 666 Ζή

96 686 185 753 σέπὶ
212 683 250 753 τὸ
276 692 303 751 Ζ
331 679 351 772 ή
376 683 498 772 μεταξὺ
519 688 588 752 τών
613 691 651 768 Ζ,
676 689 712 751 Γ.
758 683 819 752 έδιν
843 683 881 752 δὲ
903 682 924 771 ή
949 683 1006 752 διὰ
1029 689 1094 754 τοῦ
1116 693 1153 753 Η

130 795 170 880 τῇ
202 791 390 880 κατηγμένη
422 789 632 879 παράλληλος
665 790 718 858 ἐπὶ
745 788 784 858 τὸ
813 797 846 859 Γ
867 791 1009 880 κέντρον
1036 779 1150 881 πίπτη,

131 900 169 966 τὸ
202 904 231 964 Θ
267 895 369 965 πάλιν
408 911 547 984 σημεῖον
582 894 714 984 ποιήσει
747 895 849 977 ἄλλας
880 898 978 976 πέντε
1010 898 1151 980 πτώσεις

39 1042 43 1049 ·
132 1001 303 1083 ὡσαύτως·
335 1003 391 1069 καὶ
425 1006 478 1071 δεῖ
507 1004 561 1070 ἐπὶ
592 1001 699 1092 τούτῳ
730 1004 1000 1091 σημειώσασθαι,
1034 1002 1088 1073 ὅτι
1115 1003 1150 1073 τδ

132 1107 198 1178 ὑπὸ
223 1113 293 1177 τών
315 1108 539 1196 παραλλήλων
566 1121 638 1188 ταῖς
662 1117 741 1195 ΕΔ,
762 1116 826 1177 ΕΖ
852 1110 1060 1198 γιγνόμενον
1087 1117 1152 1198 τρί-

82 1234 116 1283 10
135 1242 248 1302 γωνον
268 1224 344 1283 ίσον
362 1220 490 1301 γίνεται
508 1219 554 1307 τῷ
575 1222 639 1283 ΛΒ
645 1221 676 1283 Γ
690 1215 857 1306 τριγώνῳ·
882 1216 952 1284 ἐπεὶ
969 1216 1035 1305 γάρ
1051 1220 1152 1303 ἐστιν,

135 1320 181 1402 ὡς
207 1323 245 1390 τὸ
270 1319 336 1390 ιἰπό
359 1329 422 1389 EZ
446 1320 528 1411 πρὸς
552 1320 590 1390 τὸ
614 1318 678 1390 ἀπὸ
698 1328 777 1408 ΗΓ,
800 1321 837 1390 τὸ
861 1330 963 1389 ΕΔΖ
985 1327 1153 1410 τρίγωνον

133 1427 217 1516 πρὸς
243 1426 282 1495 τὸ
305 1432 422 1494 ΗΘΓ·
450 1426 551 1515 ὅμοια
578 1426 655 1516 γάρ·
685 1425 730 1507 ὡς
758 1429 796 1496 δὲ
823 1426 861 1496 τὸ
890 1425 955 1496 ιἰπὸ
980 1435 1042 1496 ΕΖ
1072 1429 1154 1519 πρὸς

133 1532 170 1603 τὸ
195 1531 260 1601 ιἰπὸ
284 1540 367 1618 ΗΓ,
395 1535 432 1600 τὸ
456 1531 522 1601 ὑπὸ
546 1540 646 1601 BZA
669 1533 753 1620 πρὸς
776 1531 812 1602 τὸ
835 1531 901 1603 ὑπὸ
925 1540 1035 1621 ΒΓΑ,
1061 1562 1154 1604 τουτ-

134 1640 203 1706 έστι
226 1638 263 1706 τὸ
287 1637 353 1706 ἀπὸ
378 1644 451 1723 ΒΓ,
475 1640 520 1718 ώς
543 1637 608 1726 ἄρα
631 1638 669 1708 τὸ
695 1647 796 1707 ΕΔΖ
819 1647 986 1729 τρίγωνον
1009 1638 1095 1729 πρὸς
1116 1640 1153 1710 τὸ

82 1762 115 1811 15
134 1749 246 1827 ΗΘΓ,
269 1743 306 1811 τὸ
331 1740 396 1811 ὑπὸ
416 1751 517 1812 BZA
538 1749 622 1833 πρὸς
645 1747 682 1814 τὸ
705 1743 771 1815 ἀπὸ
793 1753 863 1815 ΒΓ.
901 1744 946 1827 ὡς
968 1747 1007 1814 δέ
1024 1747 1063 1815 τὸ
1088 1745 1152 1816 ὑπὸ

134 1856 234 1918 BZA
251 1846 335 1937 πρὸς
353 1847 391 1918 τὸ
411 1848 477 1920 ἀπὸ
494 1858 568 1938 ΒΓ,
593 1849 699 1932 οὕτως
717 1854 852 1940 ἐδείχθη
873 1858 949 1940 ἐχον
967 1853 1006 1921 τὸ
1020 1860 1156 1921 ΛΒΖΒ

134 1959 379 2045 τετράπλευρον
403 1959 487 2047 πρὸς
509 1959 546 2027 τὸ
567 1966 669 2027 ΛΒΓ
687 1965 865 2048 τρίγωνον·
888 1960 944 2026 καὶ
968 1957 1013 2038 ώς
1031 1957 1099 2049 ἄρα
1117 1960 1153 2028 τὸ

135 2070 237 2131 ΕΛΖ
259 2070 425 2153 τρίγωνον
448 2065 533 2154 πρὸς
550 2064 587 2134 τὸ
607 2072 717 2151 ΗΘΓ,
739 2064 777 2133 τὸ
801 2072 937 2133 ΛΒΖΕ
956 2068 1155 2154 τετράπλευ-

136 2196 197 2257 ρον
216 2170 299 2259 πρὸς
313 2171 350 2239 τὸ
366 2178 471 2240 ΛΒΓ
483 2179 659 2258 τρίγωνον.
682 2172 738 2239 καὶ
752 2171 902 2253 ἐναλλάξ.
923 2173 979 2240 καὶ
994 2171 1105 2255 ἄλλως
1119 2173 1155 2241 δέ

82 2293 116 2342 20
135 2275 256 2356 ταύτας
271 2280 419 2346 δυνατὸν
435 2280 539 2359 δείξαι
554 2279 722 2362 λέγοντας,
742 2275 793 2347 ὅτι
813 2278 865 2346 ἐπὶ
883 2282 952 2346 τών
968 2283 1155 2349 διπλασίων

135 2380 246 2451 αὐτῶν
269 2383 626 2470 παραλληλογράμμων
650 2394 753 2452 ταῦτα
772 2386 936 2453 δέδεικται
960 2387 1062 2476 ἐντῷ
1083 2408 1154 2475 σχο-

136 2495 196 2580 λίςα
219 2493 280 2557 τοῦ
299 2490 358 2577 μα’
381 2489 611 2577 θεωρήματος.

204 2597 263 2665 ἐὰν
288 2596 325 2664 δέ
348 2595 368 2684 ή
394 2598 449 2664 διὰ
473 2599 533 2664 τοῦ
557 2602 596 2662 Η
620 2599 660 2684 σή
683 2603 746 2663 ΕΖ
773 2595 985 2685 παράλληλος
1006 2595 1154 2686 ἀγομένη

137 2701 259 2787 μεταξὺ
285 2704 369 2791 πέση
393 2707 461 2770 τών
484 2708 523 2787 Γ,
540 2710 583 2786 Α,
607 2702 851 2789 ἐκβληθήσεται
874 2705 947 2790 μέν,
971 2705 1033 2784 ἕως
1057 2704 1112 2774 ὅτε
1135 2705 1155 2793 ή

85 2825 119 2872 25
141 2815 204 2875 ΓΕ
226 2806 309 2896 αὐτῇ
334 2809 501 2895 σνμπέση,
524 2807 562 2875 τὸ
588 2807 625 2875 δέ
648 2816 676 2876 Θ
700 2823 838 2896 σημεῖον
861 2810 993 2898 ποιήσει
1016 2812 1158 2892 πτώσεις

213 3000 236 3049 1.
261 2993 374 3063 ληφθῇ]
393 2991 506 3061 scripsi,
529 2996 638 3066 λειφθῇ
656 2994 702 3062 W,
721 2998 847 3066 ληφθείη
867 3017 894 3067 p,
912 3017 949 3054 m.
969 3004 984 3051 2
1004 2997 1049 3053 W.
1131 3005 1156 3052 3.

140 3084 177 3152 Θ]
199 3084 224 3136 O
242 3082 313 3150 Wp,
332 3097 402 3136 corr.
422 3082 527 3136 Comm.
605 3089 630 3140 4.
650 3089 672 3138 Β
692 3080 723 3156 ή]
743 3074 779 3158 μή
797 3085 871 3163 W„
921 3092 946 3144 5.
965 3085 1011 3210 16)
1032 3104 1102 3143 corr.
1122 3105 1157 3142 ex

140 3155 178 3225 τῷ
199 3154 243 3206 W.
335 3148 365 3221 ἥ]
385 3152 436 3205 ins.
456 3172 492 3207 m.
515 3158 528 3206 1
548 3155 593 3208 W.
665 3161 703 3209 ⁴6.
722 3158 823 3228 πίπτη]
844 3158 1068 3247 εοτίροὶ,ππτει
1087 3159 1157 3228 Wp.

177 3229 218 3276 13.
238 3217 391 3292 δπό(ο1θ.)]
411 3224 544 3294 ome,
563 3241 632 3280 corr.
649 3224 754 3280 Comm.
827 3246 972 3284 τοοτεστιν
986 3228 1031 3284 W.
1114 3236 1155 3286 16.

139 3293 260 3361 ΛΒΖΕ]
274 3297 299 3347 Λ
314 3311 384 3348 corr.
395 3299 460 3349 οιΑ
474 3295 519 3362 W,
539 3301 561 3349 A
567 3299 646 3349 ΒΖΕ
660 3314 687 3364 p.
745 3304 786 3354 18.
801 3295 1021 3371 τετράπλευρον]
1037 3297 1158 3355 -άπλεν-

139 3363 288 3420 inras.W.
356 3370 397 3420 19.
413 3367 688 3438 ABP]ABI'Wp,
707 3385 776 3426 corr.
789 3369 893 3426 Comm.
959 3377 1000 3427 21.
1018 3367 1113 3443 ἐντῷ]
1130 3391 1158 3441 p,

140 3460 229 3527 ὄντας
247 3465 292 3519 W.
392 3464 503 3535 ογολέφ]
524 3481 614 3533 comp.
625 3453 751 3533 p,2W.
846 3473 889 3522 23.
916 3470 958 3537 H]
981 3468 1011 3522 in
1035 3484 1090 3524 ras.
1110 3470 1156 3524 W.
