2444 3892
261 163 411 215 EUTOCII
430 163 692 216 COMMENTARIA
710 166 749 218 IN
768 164 909 219 CONIOA.
1022 164 1086 229 287

71 316 341 401 contingentibus
373 316 531 400 quuitur,
567 316 601 379 in
632 339 720 398 prop.
752 316 911 383 XXXVII
944 317 982 382 de
1015 339 1087 383 con-

72 431 278 517 tingentibus
315 435 348 495 et
380 431 418 495 de
450 431 561 510 rectis,
599 453 681 515 quae
714 454 733 496 a
765 437 886 517 puncto
920 436 1087 498 contactus

69 546 106 611 in
160 546 267 630 ellipsi
321 545 567 629 hyperbolaque
622 545 768 609 ordinate
823 545 999 632 ducuntur,
1052 549 1088 614 in

67 683 162 746 prop.
197 659 372 726 XXXVIII
414 660 453 725 de
494 659 592 725 rectis
629 661 844 745 hyperbolem
882 661 1086 746 ellipsimque

70 775 351 862 contingentibus,
380 797 444 860 quo
472 776 568 841 modo
598 776 638 840 ad
666 777 802 841 alteram
831 777 1022 841 diametrum
1052 799 1086 842 se

67 890 223 975 habeant,
245 891 279 954 in
302 912 417 974 propp.
440 888 580 954 XXXIX
602 893 635 954 et
658 889 715 954 XL
739 890 777 954 de
801 890 915 955 iisdem
940 892 1086 975 quuitur

68 1006 214 1071 rationes
237 1005 340 1070 exiis
365 1007 563 1089 compositas
587 1027 754 1091 quaerens,
777 1007 811 1070 in
834 1027 925 1090 prop.
949 1004 1024 1070 XLI
1047 1007 1085 1070 de

67 1121 384 1207 parallelogrammis
421 1122 456 1186 in
493 1124 582 1186 recta
619 1121 765 1186 ordinate
802 1121 899 1186 ducta
930 1122 1084 1205 radioque

68 1235 269 1321 hyperbolae
301 1236 488 1322 ellipsisquc
522 1236 705 1320 descriptis,
737 1238 772 1300 in
804 1258 894 1320 prop.
926 1235 1018 1302 XLII
1049 1236 1085 1300 in

67 1352 227 1436 parabola
269 1352 348 1417 dicit
388 1352 589 1439 triangulum
631 1374 650 1416 a
689 1351 891 1436 contingenti
928 1355 960 1415 et
995 1356 1085 1416 reeta

68 1466 216 1532 ordinate
236 1466 332 1533 ducta
352 1467 619 1552 comprehensum
640 1466 809 1551 aequalem
828 1488 897 1531 esse
911 1467 1084 1550 parallelo-

68 1603 231 1669 grammo,
271 1582 359 1667 quod
396 1581 530 1646 eandem
569 1582 774 1647 altitudinem
809 1582 942 1667 habeat,
978 1584 1084 1648 basim

67 1701 178 1762 autem
195 1697 373 1781 dimidiam,
392 1697 428 1761 in
441 1719 533 1782 prop.
547 1696 654 1762 XLIII
668 1699 704 1762 in
717 1699 899 1784 hyperbola
914 1699 1084 1783 ellipsique

68 1813 205 1897 quaerit,
227 1834 290 1897 quo
310 1813 406 1877 modo
425 1812 581 1897 trianguli
602 1835 621 1877 a
640 1814 904 1896 contingentibus
918 1814 1083 1898 rectisque

67 1927 217 1993 ordinate
237 1927 340 1993 ductis
360 1927 479 1993 abscisi
497 1928 583 1992 inter
602 1949 636 1991 se
650 1928 801 2011 habeant,
820 1928 855 1991 in
869 1949 961 2012 prop.
975 1926 1083 1992 XLIV

66 2041 153 2107 idem
189 2044 223 2107 in
260 2042 434 2128 oppositis,
469 2042 504 2107 in
542 2064 633 2127 prop·
669 2040 759 2106 XLV
796 2040 883 2105 idem
914 2041 949 2105 in
981 2042 1083 2106 altera

66 2159 225 2224 diametro
257 2157 456 2242 hyperbolae
489 2157 689 2240 ellipsisque,
721 2156 755 2219 in
786 2177 879 2239 prop.
908 2154 1016 2221 XLVI
1044 2157 1082 2221 de

66 2273 182 2339 ceteris
219 2271 388 2337 diametris
420 2273 595 2356 parabolae
627 2274 756 2355 praeter
787 2270 1012 2355 principalem,
1047 2271 1082 2335 in
1169 2283 1175 2293 ’

65 2410 157 2474 prop.
171 2385 295 2452 XLVII
309 2386 348 2451 de
363 2387 478 2452 ceteris
494 2386 662 2451 diametris
676 2385 874 2469 hyperbolae
887 2386 1083 2470 ellipsisque,

66 2504 101 2568 in
132 2525 224 2587 prop.
257 2501 398 2567 XLVIII
430 2502 469 2566 de
502 2502 617 2566 ceteris
651 2501 817 2566 diametris
849 2500 1083 2586 oppositarum,

64 2617 101 2682 in
124 2639 217 2702 prop.
240 2616 346 2681 XLIX
370 2616 409 2681 de
432 2616 625 2700 parametris
650 2619 829 2680 ceterarum
850 2615 1083 2682 diametrorum

64 2732 253 2819 parabolae,
272 2732 306 2796 in
324 2752 415 2815 prop.
430 2730 456 2794 L
476 2731 515 2795 de
535 2731 648 2796 eodem
662 2732 697 2795 in
711 2731 889 2816 hyperbola
904 2732 1083 2817 ellipsique,

65 2849 101 2913 in
133 2869 225 2932 prop.
257 2846 302 2910 LI
334 2847 373 2911 de
406 2845 518 2911 eodem
550 2847 586 2910 in
617 2847 788 2931 oppositis.
839 2846 890 2911 his
923 2847 1016 2912 dictis
1050 2852 1083 2912 et

66 2963 196 3048 epilogo
221 2961 362 3048 quodam
384 2961 478 3026 dictis
499 2962 625 3027 adiecto
646 2961 676 3042 [I
689 2984 719 3046 p.
738 2961 815 3042 158]
835 2963 870 3024 in
888 2985 1003 3046 propp.
1022 2962 1082 3027 LII

66 3081 99 3143 ct
125 3075 205 3142 LIII
232 3077 401 3160 problema
425 3077 640 3158 demonstrat,
668 3075 850 3160 quomodo
874 3077 945 3140 fieri
966 3078 1082 3160 possit,

65 3197 104 3258 ut
137 3194 172 3257 in
203 3193 303 3275 plano
340 3192 496 3276 parabola
533 3191 751 3275 describatur,
786 3191 820 3254 in
856 3213 971 3276 propp.
1004 3190 1081 3256 LIV

66 3432 296 3563 “gblpippcxinj
314 3454 342 3506 p,
362 3433 452 3507 ἀρχήν
471 3437 516 3493 W.
580 3437 794 3508 21.103v(alt.)]
814 3437 923 3508 Hallcy,
943 3454 996 3493 om.
1012 3456 1031 3507 p
1051 3439 1081 3492 et

114 3527 135 3564 Γ.
164 3525 202 3565 ln.
261 3548 267 3562 ·
