2444 3892
126 154 202 219 -254
422 155 685 208 οοιωιωαυιωεε
703 155 872 220 Αανιηυα.

136 299 173 364 αῖ
194 294 401 384 παράλληλοι
423 297 573 383 ἐσωτέρω
596 298 779 364 πεσοῦνται
802 298 870 364 τῶν
888 302 998 366 ΑΓΘ.
1048 299 1157 388 ἑτέρας

136 402 173 471 δὲ
196 403 294 470 πέντε
318 399 437 482 οὕτως·
464 404 524 470 ἐὰν
547 406 585 470 τὸ
608 409 642 469 Δ
666 404 811 489 ἐξωτέρω
835 409 954 491 ληφθῇ
977 407 1043 472 τοῦ
1069 412 1111 491 Γ,
1136 403 1154 492 ἡ

134 508 195 596 μὲν
223 516 289 576 ΔΖ
317 507 530 594 παράλληλος
558 508 717 595 δηλονότι
745 509 892 594 ἐξωτέρω
920 523 1075 579 πεσεῖται
1102 514 1154 598 τῆς

136 620 209 701 ΘΓ,
233 612 254 700 ή
278 614 315 682 δὲ
339 622 408 681 ΔΕ
429 611 449 700 ή
474 616 595 701 μεταξύ
618 619 687 683 των
706 623 749 700 Α,
772 622 800 682 Β
823 611 844 701 ή
868 615 920 682 ἐπὶ
944 619 982 683 τὸ
1001 624 1034 684 Β
1059 613 1080 704 ή
1104 643 1151 704 με·

100 720 215 802 σταξύ
241 725 310 789 τῶν
338 727 383 806 Β,
406 727 434 787 Θ
462 717 483 806 ή
512 721 565 788 ἐπὶ
592 719 629 788 τὸ
655 726 684 786 Θ
711 716 732 806 ή
761 721 907 808 ἐξωτέρω
934 724 997 789 τοῦ
1026 730 1069 790 Θ·
1096 727 1151 792 τοῦ

134 825 198 915 γὰρ
221 835 254 894 Α
278 827 424 915 ἐξωτέρω
447 840 562 894 πεσεῖν
587 823 694 914 αύτήν
717 825 900 914 ἀδύνατον,
924 826 1043 915 ἐπειδὴ
1067 833 1104 898 τὸ
1121 836 1151 897 Δ

134 935 279 1018 ἐξωτέρω
313 934 382 1002 ἐστὶ
413 937 475 1000 τοῦ
504 938 536 1000 Γ
563 933 619 999 καλ
647 934 806 1018 δηλονότι
838 934 893 1000 ιιαλ
921 929 942 1020 ἡ
972 931 1016 1001 δι’
1049 934 1148 1005 αὐτοῦ

132 1039 343 1128 παράλληλος
375 1037 520 1126 ἀγομένη
553 1043 593 1127 τή
621 1044 694 1108 ΑΓ.
746 1039 804 1107 ἐὰν
836 1038 872 1107 δὲ
898 1038 937 1107 τὸ
967 1048 1001 1107 Δ
1032 1043 1086 1110 ἐπὶ
1112 1040 1147 1110 τιλ

134 1150 227 1235 ἕτερα
251 1148 333 1234 μέρη
358 1149 473 1233 ληφθῇ
497 1149 555 1231 τῆς
577 1156 690 1233 τομῆς,
714 1142 734 1233 ή
759 1145 946 1233 ἀμφότεραι
970 1151 1010 1214 αῖ
1030 1147 1147 1237 παρέλ-

83 1273 115 1320 10
134 1261 231 1340 ληλοι
249 1251 372 1341 μεταξὺ
390 1257 457 1320 τῶν
477 1259 516 1338 Θ,
535 1260 563 1319 Β
586 1252 894 1341 περατωθήσουται,
918 1251 939 1339 ή
960 1249 981 1340 ἡ
1002 1253 1067 1341 μὲν
1086 1260 1146 1323 ΔΖ

132 1359 281 1447 ἐσωτέρω
304 1362 365 1426 τοῦ
389 1367 427 1445 Θ,
450 1357 487 1426 τὸ
512 1358 549 1426 δὲ
573 1366 605 1424 Ε
625 1359 679 1426 ἐπὶ
701 1358 739 1427 τὸ
763 1366 802 1445 Θ,
826 1355 846 1445 ή
869 1362 927 1444 τής
950 1367 1018 1426 ΔΖ
1045 1358 1144 1429 ὡσαύ-

131 1492 195 1544 τως
217 1464 386 1551 μενούσης
408 1466 446 1533 τὸ
466 1472 498 1531 Ε
520 1465 665 1551 ἐξωτέρω
688 1468 749 1533 τού
769 1472 798 1532 Θ
820 1463 1005 1533 ἐλεύσεται·
1030 1470 1091 1535 τοῦ
1113 1466 1145 1534 ιλλ

133 1580 165 1638 Ε
184 1570 286 1638 πάλιν
304 1572 449 1658 ἐξωτέρω
469 1574 648 1651 πίπτοντος
665 1569 703 1639 τὸ
725 1579 752 1638 Ζ
772 1567 793 1658 ή
813 1571 866 1640 ἐπὶ
884 1570 921 1639 τὸ
944 1578 973 1638 Θ
991 1588 1145 1659 πεσεῖται,

133 1677 177 1755 ὡς
200 1673 288 1743 εἶναι
310 1675 373 1762 τήν
398 1681 498 1743 ΓΘΔ
521 1680 601 1763 μίαν
625 1674 782 1764 εὐθεῖαν,
810 1682 841 1745 εἰ
863 1678 918 1745 καλ
941 1679 986 1766 μή
1013 1681 1144 1762 σώζεται

80 1800 111 1848 15
130 1786 253 1866 κυρίως
281 1782 354 1850 τότε
381 1780 418 1849 τὸ
449 1785 507 1868 τής
534 1782 751 1871 παραλλήλου
780 1788 917 1871 ἰδίωμα,
951 1781 972 1869 ή
1001 1787 1144 1875 ἐξωτέρω

129 1899 190 1957 τοῦ
219 1896 255 1956 Θ.
306 1893 360 1958 δεῖ
391 1889 429 1957 δὲ
459 1889 512 1957 ἐπὶ
539 1893 598 1976 τής
625 1888 825 1971 ἀποδείξεως
850 1902 918 1957 τῶν
946 1897 1144 1962 τελευταίων

129 1996 225 2063 πέντε
248 1996 407 2064 πτώσεων
430 1995 493 2083 τήν
514 2004 581 2062 ΛΖ
604 1995 777 2082 ἐκβάλλειν
800 1997 862 2074 ἕως
883 2006 943 2082 τῆς
965 2001 1071 2086 τομῆς
1092 1999 1142 2067 καλ

128 2107 186 2189 τῆς
214 2109 284 2170 ΗΓ
311 2103 526 2191 παραλλήλου
553 2103 609 2170 καὶ
637 2101 743 2181 ούτως
770 2111 942 2170 ποιεῖσθαι
969 2102 1034 2190 τὴν
1065 2104 1142 2173 ἀπό-

130 2212 242 2290 ὄειξιν.

76 2331 110 2378 ‘20
197 2315 344 2384 δυνατὸν
373 2315 410 2382 δὲ
437 2313 493 2381 καὶ
518 2311 624 2398 ἄλλην
648 2319 729 2400 μίαν
752 2312 971 2402 καταγραφήν
995 2318 1141 2386 ἐπινοεῖν

129 2424 164 2489 ἐκ
187 2422 328 2507 τούτων,
352 2419 433 2488 ὅταν
457 2421 498 2506 δή
524 2421 783 2507 λαμβανομένου
807 2423 922 2509 έτέρου
945 2429 1087 2509 σημείου
1110 2426 1144 2491 αλ

128 2530 160 2608 ἐξ
190 2525 295 2615 ἀρχῆς
323 2526 454 2595 εὐθεῖαι
482 2530 602 2592 ποιῶσι
630 2524 668 2592 τὸ
696 2526 895 2616 λεγόμενον,
928 2526 1013 2597 ἀλλὰ
1044 2535 1140 2599 τοῦτο

127 2633 288 2722 θεώρημα
312 2631 441 2720 μᾶλλόν
465 2632 555 2699 ἐστιν
579 2627 599 2717 ή
624 2645 756 2712 πτῶσις.

523 2829 592 2906 Εἰς
615 2823 657 2895 τὸ
682 2825 748 2914 μήν’.

73 2964 108 3011 25
188 2948 249 3015 ’Ἑν
271 2969 337 3016 τισι
361 2950 496 3036 φέρεται
516 2947 683 3032 ἀπόδειξις
703 2962 764 3019 τοῦ
783 2954 1001 3040 θεωρήματος
1019 2956 1141 3024 τούτου

124 3054 276 3140 τοιαύτη·

197 3288 219 3335 1.
240 3279 425 3410 ocshaddidssg
433 3304 487 3340 om.
490 3287 570 3374 Wp.
631 3295 655 3344 2
676 3282 794 3357 οὕτως)
851 3294 875 3343 5.
895 3289 947 3376 τό]
960 3290 1058 3360 τῷλλλ.
1117 3301 1140 3348 7

125 3349 259 3496 (λιλερήλ
272 3441 325 3480 om
336 3425 405 3498 Wp‚
425 3444 494 3485 corr
511 3430 617 3485 Comm.
673 3436 714 3486 11.
734 3431 771 3501 E]
792 3448 844 3486 om
839 3431 925 3516 Wp,
945 3448 1014 3487 corr.
1031 3433 1138 3491 Comm.

159 3498 228 3570 ΔΖ]
253 3505 277 3551 Δ
296 3515 311 3554 ε
331 3515 401 3554 corr.
421 3500 464 3556 W.
558 3504 599 3555 18.
624 3495 743 3571 ούτωμ.
830 3496 991 3574 ἀπόδειξιν]
1012 3518 1083 3562 corr.
1105 3524 1139 3561 ex

307 3353 425 3425 alleyst
428 3354 536 3426 σωτέρω
543 3306 622 3428 pr.
679 3355 811 3415 ἐστίνλλλ.
867 3346 1025 3431 8ἐαν]μ,
1047 3360 1138 3422 ἐνλλῙ.
