2444 3892
161 138 227 204 σοι
443 137 706 192 commu
723 135 893 201 ιυνιοσε.

159 279 224 367 γάρ
250 277 286 347 ἐν
309 289 356 369 τῳ
381 280 429 346 ια’
450 290 510 365 τῆς
532 275 719 346 Εὐκλείδου
742 274 994 363 στοιχειώσεως,
1023 274 1095 363 ὅτι,
1125 276 1187 346 ἐὰν

160 383 278 453 εὑθεία
301 380 445 475 ἐπιπέδῳ
468 383 536 450 τινὶ
559 380 643 469 πρὸς
665 379 772 469 ὀρθὰς
795 373 828 468 ή,
851 380 907 448 καλ
930 379 1042 447 πάντα
1065 380 1110 449 τά
1136 380 1182 450 δι’

160 489 264 577 αὐτῆς
295 487 434 559 ἐπίπεδα
466 493 511 580 τῷ
539 485 629 580 αὐτῷ
658 484 802 577 ἐπιπέδῳ
829 484 913 575 πρὸς
940 483 1051 573 ὀρθάς
1080 493 1185 561 ἔσται.

158 598 220 665 τὸν
243 597 281 665 δέ
298 601 410 665 κώνου
430 594 598 682 σκαληνὸν
616 591 773 679 ὑπέθετο,
791 591 906 679 ἐπειδὴ
927 588 1028 684 ἐντῷ
1048 598 1181 664 ἰσοσκε-

126 711 214 771 σλεῑ
234 702 272 771 τὸ
297 703 512 789 παράλληλον
534 706 573 791 τῇ
598 701 694 786 βάσει
718 697 876 767 ἐπίπεδον
899 703 945 790 τῷ
968 696 1181 783 ὑπεναντίως

159 809 291 901 ήγμίνῳ
316 808 354 879 τὸ
378 807 460 878 αὑτό
484 808 584 876 ἐστιν.

226 922 273 985 ἔτι
306 921 425 1004 φησίν·
459 914 664 1001 τετμήσθω
694 912 738 980 δέ
764 912 829 981 καὶ
857 913 976 1003 ἑτέρῳ
1004 910 1177 1007 ἐπιπέδῳ

158 1024 255 1110 πρὸς
288 1023 414 1110 ὀρθάς
441 1022 512 1108 μὲν
538 1025 588 1112 τῷ
618 1018 683 1087 διά
711 1023 782 1087 τοὺ
809 1017 952 1101 άξονος
977 1021 1175 1114 τριγώνῳ,

159 1128 402 1218 ἀφαιροῦντι
417 1127 459 1195 δέ
473 1125 569 1215 πρὸς
583 1131 627 1215 τή
644 1130 798 1216 κορυφή
817 1132 1015 1212 τρίγωνον
1032 1123 1174 1213 ὅμοιον

106 1254 139 1303 10
158 1235 228 1323 μὲν
247 1238 297 1328 τῷ
316 1233 628 1323 ΑΒΓτριγώνῳ,
649 1230 898 1311 ὑπεναντίως
917 1231 1173 1320 δέκείμενον.

156 1347 256 1410 τοῦτο
281 1341 319 1409 δέ
342 1347 468 1426 γίνεται
492 1339 610 1420 οὑτως·
635 1344 718 1407 ἔστω
741 1339 779 1406 τὸ
805 1339 861 1406 διά
885 1342 947 1407 τοῦ
971 1339 1094 1420 άξονος
1111 1347 1173 1425 τρί»

158 1475 271 1534 γωνον
295 1447 333 1515 τὸ
356 1454 466 1531 ΑΒΓ,
490 1447 544 1514 καὶ
568 1445 722 1533 εἰλήφθω
746 1443 800 1512 ἐπὶ
823 1449 882 1531 τής
903 1452 967 1512 ΑΒ
990 1448 1096 1535 τυχὸν
1119 1468 1172 1534 ση-

157 1568 252 1642 μεῖον
281 1552 319 1622 τὸ
343 1561 392 1639 Η,
418 1554 474 1620 καὶ
498 1552 688 1620 συνεστάτω
712 1552 796 1641 πρὸς
818 1557 857 1640 τή
881 1560 957 1620 ΑΗ
976 1551 1097 1645 εὐθείᾳ
1119 1555 1172 1622 καλ

156 1664 201 1747 τῷ
225 1660 309 1745 πρὸς
332 1657 415 1748 αὐτή
441 1664 564 1749 σημείῳ
587 1662 633 1749 τῷ
656 1665 696 1724 Η
714 1663 753 1746 πή
779 1656 844 1726 ὑπὸ
864 1665 963 1727 ΑΓΒ
986 1665 1096 1750 γωνίᾳ
1119 1669 1171 1746 ίση

104 1783 138 1831 15
157 1762 177 1850 ή
196 1762 262 1833 ὑπὸ
278 1772 400 1833 ΑΗΚ·
419 1764 457 1833 τὸ
477 1772 588 1832 ΑΗΚ
605 1762 671 1852 άριι
689 1771 856 1853 τρίγωνον
874 1769 919 1856 τῷ
935 1771 1040 1833 ΑΒΓ
1054 1764 1171 1854 ὅμοιον

158 1873 219 1957 μέν
244 1868 350 1959 ἐστιν,
376 1869 584 1952 ὑπεναντίως
607 1872 645 1940 δέ
666 1878 830 1959 κείμενον.
876 1873 1028 1958 εἰλήφθω
1054 1873 1097 1960 δή
1123 1871 1171 1941 ἐπὶ

158 1983 217 2065 τής
239 1986 313 2046 HK
334 1978 438 2068 τυχὸν
463 1994 601 2066 σημεῖον
624 1978 662 2047 τὸ
682 1987 719 2063 Ζ,
742 1980 798 2047 καὶ
821 1975 886 2046 άπο
911 1982 973 2047 τοὺ
997 1985 1024 2044 Ζ
1047 1983 1094 2069 τῷ
1113 1990 1172 2047 τοῦ

157 2090 261 2152 ΑΒΓ
279 2087 448 2173 τριγώνου
472 2083 615 2177 ἐπιπέδῳ
639 2085 722 2171 πρὸς
744 2083 852 2174 ὀρθάς
871 2083 1039 2153 ἀνεστάτω
1059 2083 1080 2172 ή
1103 2094 1172 2171 ΖΘ,

157 2192 211 2258 καλ
231 2189 446 2278 ἐκβεβλήσθω
465 2192 503 2261 τὸ
524 2191 580 2259 διά
599 2195 668 2259 τών
686 2199 769 2276 ΗΚ,
788 2198 849 2259 ΘΖ
869 2193 1036 2259 ἐπίπεδον.
1071 2205 1171 2261 τοῦτο

102 2315 136 2363 20
157 2297 199 2383 δή
228 2296 337 2384 ὀρθόν
367 2300 436 2367 ἐστι
463 2297 546 2386 πρὸς
567 2301 605 2366 τὸ
629 2303 735 2365 ΑΒΓ
752 2303 919 2384 τρίγωνον
944 2298 998 2366 διὰ
1022 2296 1085 2384 τήν
1114 2307 1173 2367 ΖΘ

155 2405 210 2471 καλ
233 2409 355 2472 ποιοῦν
379 2404 416 2473 τὸ
440 2411 668 2491 προκείμενον.

224 2512 260 2578 ἐν
283 2523 328 2601 τῳ
353 2510 608 2598 συμπεράσματί
626 2529 742 2596 φησιν,
763 2507 813 2578 ὅτι
834 2512 889 2578 διά
910 2515 971 2596 τήν
991 2509 1173 2599 ὁμοιότητα

155 2622 224 2686 τών
249 2626 368 2701 ΔΖΗ,
392 2623 495 2685 ΒΖΚ
520 2617 693 2702 τριγώνων
722 2623 797 2685 ίσον
826 2617 895 2684 ἐστὶ
918 2621 955 2685 τὸ
978 2614 1044 2684 ὑπὸ
1069 2625 1174 2685 ΔΖΕ

154 2735 199 2814 τῷ
231 2722 297 2792 ὑπὸ
327 2731 441 2792 HZK.
492 2721 641 2790 δυνατὸν
674 2725 714 2791 δέ
744 2725 813 2791 ἐστι
845 2734 944 2811 τοῦτο
977 2725 1083 2804 δεῖξαι
1116 2724 1171 2793 καὶ

103 2845 137 2893 25
159 2834 233 2916 δίχα
252 2835 310 2915 τῆς
323 2835 392 2899 τών
405 2831 581 2916 τριγώνων
597 2827 793 2916 ὁμοιότητος
804 2833 956 2917 λέγοντα,
976 2828 1038 2916 ὅτι,
1056 2830 1171 2918 ἐπειδὴ

225 3136 249 3183 4.
270 3128 400 3197 ίσοοκελή
419 3129 465 3183 W.
546 3136 570 3186 8.
592 3127 697 3203 ὀρθάς]
717 3131 791 3187 inter
809 3153 825 3202 ρ
845 3135 874 3187 et
891 3136 915 3188 θ
933 3152 985 3189 ras.
1005 3132 1050 3186 W.
1127 3140 1169 3188 17.

153 3200 203 3252 τοὺ
220 3199 306 3270 (alt.)]
331 3217 383 3253 om.
404 3200 477 3269 Wp,
502 3218 570 3256 corr.
590 3202 701 3271 Halley.
793 3209 835 3259 20.
860 3203 914 3276 δή]
943 3203 976 3259 δέ
999 3204 1073 3273 Wp‚
1098 3221 1169 3259 corr.

153 3269 255 3339 Halley
274 3286 337 3323 eum
357 3272 463 3327 Comm.
538 3270 613 3330 ἐστιν
633 3274 676 3327 W.
754 3273 804 3345 τό]
829 3291 898 3329 corr.
919 3292 954 3329 ex
971 3276 1009 3348 τῷ
1029 3293 1065 3330 m.
1088 3280 1101 3328 1
1122 3275 1168 3328 W.

190 3341 285 3412 ΑΒΓ]
301 3339 330 3394 in
345 3358 401 3410 mg.
417 3343 520 3398 λιειιεὶλ
534 3353 595 3399 m.1
612 3345 657 3399 W.
718 3351 759 3399 λδ.
776 3342 851 3400 ἐστίν
866 3347 911 3400 W.
974 3352 1016 3401 24.
1033 3341 1108 3400 ἐστιν
1124 3347 1168 3401 W.

190 3418 232 3468 25.
258 3409 441 3483 δμοιώτητος,
462 3435 574 3486 -τητος
594 3418 623 3471 in
641 3433 695 3473 ras.
715 3435 751 3472 m.
772 3423 796 3484 1,
821 3416 866 3472 W.
945 3413 1000 3489 ὅτι]
1020 3437 1052 3487 p,
1076 3435 1168 3487 comp.

154 3500 307 3554 suprascr.
329 3503 364 3538 m.
387 3492 400 3539 1
420 3486 465 3544 W.
