2444 3892
467 138 695 192 FRAGMENTA.
1028 136 1093 201 115

77 277 274 365 διορισμοδς
296 291 384 365 τρεῖς
402 277 464 347 τόν
487 303 521 344 τε
539 275 622 345 κατά
641 276 679 346 τὸ
701 275 743 358 ιζ’
762 276 939 365 πρόβλημα
957 277 1092 347 καὶτὸν

75 382 158 451 κατὰ
186 383 223 452 τὸ
254 383 306 451 ιθ’
334 384 390 451 καὶ
412 382 472 452 τὸν
495 381 639 451 κατὰτὸ
663 381 732 469 κγ’·
761 387 821 450 καί
840 387 926 452 εἰσιν
949 387 985 452 oi
1005 398 1093 473 τρεῖς

78 489 264 569 έλάσσονες.
311 490 376 559 Ofr.
400 493 481 578 frag.
505 491 558 557 51.

412 687 466 751 De
489 687 586 752 locis
608 687 745 771 planis.

142 813 192 876 22.
217 811 347 894 Pappus
370 810 450 893 VII,
473 811 514 875 21
540 832 571 893 p.
595 810 674 893 660,
700 810 739 874 17
765 831 826 894 sq.:

349 947 488 1016 Τόπων
514 949 714 1026 ἐπιπέδων
739 947 820 1015 δύο.

148 1076 224 1138 Τῶν
253 1071 364 1139 τόπων
391 1071 543 1140 καθόλου
573 1074 608 1140 οί
630 1073 691 1159 μέν
715 1076 801 1139 είσιν
825 1073 1005 1160 ἐφεκτικοί,
1034 1071 1093 1155 οὓς

76 1178 131 1245 καὶ
148 1175 368 1257 Ἀπολλεόνιος
395 1177 460 1261 πρὸ
488 1188 556 1245 τῶν
584 1181 682 1245 ίδίων
706 1183 881 1266 στοιχείων
903 1182 1006 1267 λέγει,
1037 1201 1092 1268 σηη

78 1289 174 1370 μείου
191 1282 254 1366 μέν
273 1282 380 1352 τόπον
397 1298 547 1371 σημεῖον,
571 1288 724 1374 γραμμῆς
744 1284 781 1352 δέ
798 1287 902 1354 τόπον
923 1286 1091 1375 γραμμήν,

76 1391 271 1476 ἐπιφανείας
296 1389 333 1458 δέ
356 1391 572 1478 έπιφοίνειαν,
597 1395 734 1478 στερεοῦ
758 1390 796 1459 δέ
819 1394 968 1478 στερεόν,
997 1396 1033 1461 oi
1053 1392 1091 1461 δὲ
1112 1404 1144 1452 10

75 1499 269 1581 διεξοδικοί,
298 1494 342 1577 ὡς
369 1503 509 1583 σημείου
532 1497 594 1584 μὲν
617 1497 764 1585 γραμμή,
788 1503 941 1587 γραμμῆς
964 1497 995 1566 δ’
1023 1501 1090 1568 έπι-

74 1601 212 1687 φάνεια,
242 1605 437 1689 ἐπιφανείας
465 1603 502 1671 δὲ
531 1602 681 1691 στερεόν,
710 1607 745 1673 οί
772 1604 809 1672 δέ
837 1605 1090 1692 ἀναστροφικοί,

73 1705 117 1786 ὡς
141 1713 280 1795 σημείου
303 1708 364 1795 μέν
388 1708 581 1797 έπιφάνεια,
605 1714 758 1798 γραμμῆς
782 1711 819 1778 δέ
843 1713 986 1798 στερεόν.

140 1836 192 1901 23.
216 1835 346 1919 Pappus
369 1835 569 1921 V11,23p.
594 1837 670 1914 662,
698 1838 737 1901 19
763 1859 822 1921 sq.:

143 1941 186 2004 Οί
207 1937 268 2025 μέν
292 1931 356 2006 οὗν
380 1935 515 2024 ἀρχαῖοι
538 1942 584 2017 είς
606 1937 669 2023 τὴν
688 1942 756 2006 τῶν
776 1940 940 2006 ἐπιπέδων
959 1940 1089 2009 τούτων
1109 1951 1142 2001 15

73 2042 185 2111 τόπων
218 2041 311 2124 τάξιν
345 2042 591 2129 ἀποβλέποντες
623 2046 871 2130 έστοιχείωσαν·
903 2036 943 2130 ἧς
970 2042 1089 2132 ἀμελή-

74 2171 189 2230 σαντες
218 2153 254 2217 οί
278 2146 347 2236 μετ’
378 2147 501 2228 αὐτοὺς
528 2150 744 2235 προσέθηκαν
774 2150 921 2237 ἑτέρους,
955 2147 999 2230 ὡς
1027 2149 1089 2220 οὐκ

73 2253 219 2342 ἀπείρων
242 2257 280 2323 τὸ
304 2259 435 2341 πλῆθος
459 2255 584 2341 όντων,
613 2259 644 2323 εί
664 2256 762 2323 θέλοι
785 2281 834 2334 τις
856 2256 1089 2342 προσγράφειν

74 2360 115 2429 οὐ
142 2366 200 2448 τῆς
227 2360 349 2442 τάξεως
385 2363 513 2447 ἐκείνης
540 2360 690 2448 ἐχόμενα.
740 2360 838 2445 θήσω
867 2355 929 2429 οὖν
957 2362 997 2429 τὰ
1026 2363 1088 2449 μέν

73 2474 293 2555 προσκείμενα
317 2465 450 2553 ὕστερα,
473 2465 512 2536 τά
538 2467 569 2533 δ’
596 2469 631 2535 ἐκ
649 2472 708 2554 τῆς
725 2466 847 2549 τάξεως
865 2467 1009 2556 πρότερα
1028 2473 1087 2558 μιᾷ
1106 2480 1141 2529 20

72 2572 262 2661 περιλαβὼν
286 2574 445 2664 προτάσει
468 2573 584 2662 ταύτη·

140 2678 199 2746 ἐὰν
221 2683 282 2748 δύο
303 2679 434 2748 εὐθεῖαι
453 2677 608 2767 ἀχθῶσιν
627 2680 701 2766 ἥτοι
720 2678 784 2749 ἀπὸ
806 2680 883 2760 ἑνὸς
901 2681 1087 2766 δεδομένον

74 2781 261 2871 σημείονά
290 2784 353 2853 ἀπὸ
385 2785 447 2854 δόο
475 2786 531 2854 καὶ
558 2785 633 2874 ἤτοι
662 2784 713 2854 ἐπ’
750 2785 884 2866 εὐθείας
912 2782 932 2872 ἢ
962 2786 1087 2875 παράλ-

72 2897 168 2976 ληλοι
191 2886 212 2976 ἢ
235 2892 419 2978 δεδομένην
438 2895 649 2980 περιέχουσαι
667 2899 796 2978 γωνίαν
814 2893 870 2960 καὶ
889 2892 963 2978 ἤτοι
982 2893 1086 2980 λόγον

72 3001 215 3132 ἔχουσαι
217 2994 305 3132 πρὸς
320 2995 463 3083 ἀλλήλας
482 2993 502 3082 ἢ
521 3004 645 3086 χωρίον
663 3001 875 3087 περιέχουσαι
891 3001 1085 3086 δεδομένον,
1105 3011 1140 3061 25

144 3199 166 3247 7.
199 3187 261 3263 σός]
291 3188 474 3254 ὡςΗωΙλεολι.
584 3200 607 3248 9.
629 3215 744 3277 χραμμη
738 3191 846 3249 'codd
958 3198 1000 3247 10.
1025 3189 1085 3248 έπι-

72 3260 156 3329 φόνει
149 3282 179 3316 ια
199 3263 279 3344 codd
373 3269 414 3317 11.
435 3262 564 3352 γραμμή]
585 3265 690 3334 scripsi,
711 3264 842 3336 γραμμήν
857 3263 937 3319 codd.
1025 3259 1085 3319 έιιι-

97 3331 194 3419 α’νεια]
215 3333 325 3404 scripsi,
351 3330 526 3400 ἐπιφάνειαν
545 3335 624 3390 codd.
717 3343 758 3390 13
784 3333 953 3406 ἐπιφάνεια]
976 3333 1075 3423 scripsi

71 3353 246 3530 ἕτιρράνχιαν
265 3407 345 3461 codd.
434 3410 475 3461 15
495 3377 1084 3477 τοότων]δοΙ.Ηο1δεολι.19.οό]τά

98 3493 116 3528 u
141 3492 170 3530 sc

886 3565 922 3620 8*
