2444 3892
127 141 195 205 210
410 140 674 194 cofflfflfflu
690 140 860 205 mmm.

127 279 192 350 ὑπὸ
216 287 256 348 H
258 284 325 347 ΖΚ
352 286 428 347 ἴσον
455 276 628 347 ὑπόκειται
654 283 700 372 τῷ
728 275 794 348 ἀπὸ
818 285 892 347 ΘΖ·
920 278 959 348 τὸ
988 277 1058 365 ἄρα
1082 277 1149 350 ἀπὸ

127 393 189 456 ΘΖ
217 385 298 473 μετὰ
325 389 386 454 τοῦ
413 382 480 454 ἆτὸ
501 392 569 453 ΝΖ
597 393 674 454 ἴσον
702 385 771 453 ἐστὶ
797 388 843 476 τῷ
871 382 936 454 ἀπὸ
960 392 1044 454 ΝΚ.
1092 396 1149 457 ἴσα

128 496 168 563 δέ
190 494 259 562 ἐστι
282 493 322 559 τὰ
342 489 408 561 ἀπὸ
426 498 499 576 ΘΖ,
519 498 589 559 ΖΝ
604 495 649 582 τῷ
669 489 734 560 ἀπὸ
753 498 834 560 ΝΘ·
858 487 948 580 ὀρθὴ
966 493 1032 580 γάρ
1053 495 1147 563 ἐστιν

127 597 148 686 ἡ
172 598 256 685 πρὸς
277 603 323 692 τῷ
344 607 384 666 Ζ·
407 601 445 666 τὸ
469 598 534 687 ἄρα
556 595 621 666 ἀπὸ
640 605 709 666 ΝΘ
727 606 802 667 ἴσον
821 597 890 666 έστῖ
908 602 954 690 τῷ
973 596 1042 667 ἀπὸ
1061 606 1147 669 ΝΚ.

93 703 253 793 σὸμοῖως
281 704 323 792 δὴ
352 706 521 792 δείξομεν,
553 704 604 771 ὅτι
631 703 688 771 ιιαῖ
714 707 752 771 τὸ
780 701 845 772 ἀπὸ
873 711 943 772 ΝΟ
970 712 1048 773 ἴσον
1077 707 1146 774 ἐστὶ

127 815 172 902 τῷ
196 807 261 879 ἀπὸ
285 818 367 879 NK.
403 810 525 890 κύκλος
543 810 610 896 ἄρα
629 809 721 878 ἐστὶν
739 806 760 896 ἡ
781 816 888 880 ΗΘΚ
904 810 1053 898 γραμμή,
1074 812 1147 881 διά-

127 943 245 1006 μετρος
269 916 307 985 δέ
330 916 435 986 αὐτοῦ
459 913 480 1003 ἡ
503 921 581 984 ΗΚ.

194 1027 342 1093 δυνατὸν
375 1025 414 1092 δέ
445 1024 514 1092 έστι
539 1022 599 1103 τὰς
628 1030 711 1108 ΔΕ,
739 1027 813 1090 ΗΚ
839 1024 1036 1111 διαμέτρους
1064 1023 1146 1092 τοτὲ

128 1130 190 1218 μὲν
215 1139 297 1216 ἴσας,
321 1129 400 1198 τοτὲ
418 1129 456 1198 δὲ
475 1127 615 1209 ἀνίσους
634 1126 733 1214 εἶναι,
752 1126 913 1197 οὐδέποτε
931 1129 1046 1215 μέντοι
1067 1133 1145 1218 δίχα

76 1250 109 1299 10
128 1238 307 1323 τέμνουσιν
340 1234 496 1322 ἀλλήλας.
546 1234 642 1323 ἤχθω
674 1233 739 1321 γὰρ
772 1236 829 1302 διὰ
859 1237 922 1303 τοῦ
948 1242 982 1302 Κ
1013 1239 1053 1324 τῇ
1083 1241 1149 1304 ΒΓ

128 1341 339 1429 παράλληλος
361 1338 383 1428 ἡ
402 1348 485 1410 ΝΚ.
522 1343 592 1409 ἐπεὶ
616 1332 680 1409 οὖν
703 1347 822 1428 μείζων
846 1342 936 1410 ἐστὶν
959 1337 980 1428 ἡ
1000 1349 1068 1410 ΒΑ
1087 1352 1144 1429 τῆς

129 1455 204 1535 ΑΓ,
228 1453 348 1535 μείζων
371 1448 437 1534 ἄρα
459 1448 514 1515 καὶ
537 1445 559 1533 ἡ
583 1454 655 1514 ΝΑ
678 1451 736 1534 τῆς
757 1454 837 1516 ΑΚ.
880 1444 1004 1534 ὁμοίως
1028 1448 1143 1516 δὲκαὶ

127 1552 241 1641 ἡΚΑ
268 1557 327 1639 τῆς
350 1561 382 1619 Α
389 1560 427 1619 Η
451 1551 507 1620 διὰ
535 1552 598 1639 την
623 1549 829 1621 ὑπεναντίαν
852 1552 967 1641 τομήν.
1014 1552 1100 1622 ὥστε
1122 1551 1142 1640 ἡ

127 1662 167 1746 τῇ
192 1665 263 1725 ΑΚ
284 1657 350 1726 ἀπὸ
373 1661 431 1743 τῆς
453 1664 529 1724 ΑΝ
549 1666 604 1743 ἴση
629 1661 864 1746 λαμβανομένη
888 1659 1011 1746 μεταξὺ
1032 1667 1144 1729 ιιίιττει

76 1776 109 1826 15
128 1767 197 1832 τῶν
220 1770 270 1848 H,
294 1770 332 1829 N
356 1770 512 1850 σημείων.
557 1766 699 1833 πιπτέτω
724 1762 769 1845 ὡς
799 1762 820 1852 ἡ
846 1769 923 1842 ΑΞ·
951 1762 972 1852 ἡ
996 1763 1062 1852 ἄρα
1087 1765 1142 1834 διὰ

127 1872 188 1937 τοῦ
211 1872 241 1946 Ξ
264 1879 305 1958 τῇ
330 1875 397 1937 ΒΓ
419 1872 629 1959 παράλληλος
657 1869 804 1958 ἀγομένη
831 1872 941 1959 τέμνει
969 1873 1032 1958 τὴν
1060 1880 1142 1940 ΗΚ.

127 1977 269 2065 τεμνέτω
299 1973 343 2057 ὡς
371 1974 391 2063 ἡ
419 1980 530 2053 ΞΟΠ.
575 1977 631 2046 καὶ
661 1978 731 2045 ἐπεὶ
759 1985 814 2063 ἴση
843 1977 934 2046 ἐστὶν
961 1975 981 2064 ἡ
1010 1981 1076 2055 ΞΑ
1104 1981 1144 2067 τῇ
1170 1972 1174 1981 ’

129 2090 213 2170 ΑΚ,
241 2082 288 2163 ὡς
316 2084 353 2151 δέ
380 2081 401 2170 ἡ
429 2088 493 2161 ΞΑ
520 2083 603 2173 πρὸς
628 2092 712 2170 ΛΠ,
739 2081 760 2170 ἡ
784 2090 854 2150 ΚΑ
882 2088 964 2171 πρὸς
986 2091 1061 2151 ΑΗ
1087 2087 1143 2152 διὰ

127 2187 190 2275 τὴν
218 2187 396 2277 ὁμοιότητα
425 2194 492 2257 τῶν
520 2196 645 2274 ΗΚΛ,
669 2192 776 2264 &Aa
800 2188 991 2277 τριγώνων,
1021 2187 1042 2275 ἡ
1071 2197 1149 2258 ΑΗ

73 2308 109 2357 νο
128 2299 167 2382 τῇ
191 2303 266 2362 ΛΠ
286 2296 376 2363 ἐστιν
400 2304 454 2381 ἴση
478 2294 534 2362 καὶ
557 2293 656 2380 λοιπὴ
679 2293 700 2380 ἡ
724 2299 794 2372 ΗΞ
813 2307 853 2384 τῇ
877 2303 911 2362 Π
919 2303 958 2363 Κ.
997 2296 1054 2362 καῖ
1074 2297 1144 2364 ἐπεὶ

128 2403 166 2466 αί
190 2400 273 2486 πρὸς
303 2414 373 2480 τοῖς
401 2405 443 2484 Ξ,
471 2406 505 2466 Κ
532 2405 654 2485 γωνίαι
683 2408 752 2467 ἴσαι
780 2406 879 2470 εἴσίν·
914 2402 1051 2488 ἑκατέρα
1079 2403 1143 2488 γὰρ

128 2503 240 2572 αὐτῶν
264 2514 318 2591 ἴση
339 2506 407 2573 ἐστὶ
430 2510 469 2594 τῇ
488 2513 531 2573 Β·
555 2506 619 2573 είσὶ
643 2505 681 2574 δὲ
703 2506 759 2574 ιιαῖ
783 2510 820 2573 αί
840 2511 923 2596 πρὸς
941 2511 986 2599 τῷ
1008 2514 1036 2573 O
1060 2517 1143 2576 ἴσαι·

127 2613 210 2680 κατὰ
231 2614 388 2700 κορυφὴν
411 2611 487 2697 γάρ·
516 2609 636 2697 ὅμοιον
660 2609 725 2700 ἄρα
749 2613 817 2680 ἐστὶ
840 2614 878 2680 τὸ
902 2617 1003 2689 ΞΗΟ
1025 2623 1144 2701 τρίγω-

129 2744 191 2786 νον
223 2722 269 2810 τῷ
302 2724 409 2785 ΠΟΚ
441 2716 602 2808 τριγώνῳ.
649 2717 706 2785 ναὶ
738 2726 792 2805 ἴση
827 2719 916 2787 ἐστὶν
950 2717 970 2804 ἡ
1003 2723 1074 2797 ΗΞ
1103 2725 1142 2809 τῇ

75 2835 109 2884 25
129 2831 214 2891 HK·
245 2821 328 2891 ὥστε
356 2825 411 2891 καῖ
439 2821 459 2910 ἡ
484 2824 547 2899 ΞΟ
569 2827 607 2911 τῇ
633 2830 700 2891 ΟΚ
722 2827 776 2892 καῖ
800 2825 819 2911 ἡ
843 2831 914 2892 HO
936 2829 976 2913 τῇ
1002 2832 1073 2893 ΟΠ
1088 2826 1143 2894 καῖ

204 2985 227 3033 1.
253 2983 357 3052 HZK]
383 2987 412 3034 H
433 2999 518 3050 supra
541 2983 749 3038 scr.m.1W.
840 2990 865 3037 2.
891 2979 966 3038 ἐστίν
990 2983 1034 3037 W.
1118 2991 1143 3040 3.

130 3045 205 3104 έσιιν
225 3050 270 3106 W.
361 3053 439 3122 ΝΘ]
465 3054 489 3107 Θ
513 3068 581 3107 corr.
603 3055 633 3107 in
651 3053 799 3109 scribendo
817 3054 862 3109 W.
953 3059 979 3109 4.
1004 3050 1078 3111 έοτίν
1096 3056 1142 3110 W.

165 3122 408 3191 ταωαορ.
501 3119 575 3177 ἴσαι
594 3123 639 3177 W.
731 3131 755 3179 ο.
776 3126 879 3197 m]
899 3127 991 3180 Νοιτ
1007 3144 1034 3194 p.
1118 3131 1142 3180 ο.

129 3187 268 3244 έστινΝ.
353 3194 680 3261 10.-mg.m.1W.
764 3202 806 3250 11.
827 3201 887 3251 ΗΚ
904 3215 930 3265 p.
1010 3204 1052 3250 12.
1071 3196 1143 3268 NA]

127 3265 187 3316 MA
206 3261 280 3330 Wp,
306 3279 375 3317 corr.
398 3264 504 3318 Comm.
614 3270 656 3319 16.
680 3265 722 3336 Ξ]
746 3282 815 3321 corr.
839 3283 874 3321 ex
897 3270 918 3319 Z
941 3265 972 3320 in
995 3267 1077 3323 scrib.
1097 3267 1141 3321 W.

128 3337 171 3386 20.
197 3333 230 3403 τῇ
250 3334 323 3404 ΛΠ]
348 3351 401 3390 om.
421 3334 490 3403 Wp,
514 3351 583 3390 corr.
608 3333 712 3390 Comm.
831 3333 1141 3408 ἡΗΞ]ρ,ἡΞΝ.

165 3411 207 3459 22.
227 3399 302 3458 ἐστίν
322 3404 365 3458 W.
439 3404 510 3461 εἰσίν
528 3406 571 3460 W.
646 3406 698 3479 ιφ]
717 3424 745 3475 p,
764 3403 795 3461 τό
814 3407 859 3461 W.
937 3413 980 3463 23.
1001 3404 1076 3463 ἐστίν
1096 3408 1141 3463 W.

166 3481 208 3530 25.
229 3476 300 3547 ΗΟ]
319 3476 380 3530 ΝΟ
398 3494 425 3545 p.
