2444 3892
286 164 436 216 surocn
454 163 718 216 consummem
735 164 775 216 m
793 163 935 218 comcs.
1051 160 1114 226 187

170 307 282 371 deiude
310 326 387 370 uero
411 304 581 370 Euclidem
609 305 774 390 uituperat
798 306 827 386 [Ι
847 328 878 390 p.
896 308 927 390 4,
953 307 1018 391 13],
1039 328 1115 394 non,

101 419 138 479 ut
160 414 291 496 Pappus
319 415 352 477 et
379 411 436 477 alii
465 411 595 495 quidam
620 415 752 496 putant,
780 413 864 497 quod
888 413 966 478 duas
990 413 1113 478 medias

101 519 361 605 proportionales
388 540 455 583 non
482 518 657 598 inuenerit3
685 541 762 583 nam
790 522 823 583 et
847 518 999 585 Euclides
1026 523 1114 586 recte

100 650 197 692 unam
221 626 359 690 mediam
381 625 658 708 proportionalem
677 626 811 708 inuenit,
834 647 890 690 nec
907 630 946 691 ut
963 627 1018 691 ille
1037 626 1115 693 dicit

100 733 130 814 [l
144 757 176 818 p.
190 734 220 816 4,
236 733 292 815 15]
311 754 396 817 „non
416 731 567 816 optime“,
585 731 728 815 duasque
748 731 871 795 medias
884 731 920 796 in
933 731 1113 798 Elementis

104 840 234 905 omnino
251 861 319 904 non
339 838 512 923 adgressus
531 842 589 917 est,
607 842 640 901 ct
659 837 853 922 Apollonius
872 838 997 922 ipsein
1016 839 1114 905 tertio

102 946 186 1011 libro
206 945 245 1010 de
265 945 389 1009 duabus
407 944 523 1009 mediis
539 944 842 1028 proportionalibus
859 944 943 1008 nihil
963 965 1115 1029 quaerere

102 1052 243 1137 uidetur,
282 1051 351 1135 sed,
382 1051 418 1115 ni
449 1051 560 1135 fallor,
593 1050 693 1116 alium
724 1051 887 1136 quendam
919 1050 1041 1115 librum
1074 1051 1115 1115 ab

101 1158 237 1222 Euclide
270 1157 309 1221 de
340 1158 420 1222 locis
453 1158 609 1243 scriptum
640 1159 819 1242 uituperat,
853 1157 908 1242 qui
935 1178 1021 1222 nunc
1047 1179 1114 1222 nou

97 1269 214 1329 exstat.

168 1392 249 1454 quae
273 1370 389 1435 deinde
412 1371 451 1435 de
474 1371 558 1436 libro
582 1375 699 1455 quarto
723 1372 809 1455 dicit,
833 1371 1010 1436 manifesta
1029 1374 1115 1437 sunt.

100 1478 247 1562 quintum
276 1481 385 1542 autem
414 1479 453 1543 de
476 1479 620 1542 minimis
644 1482 677 1543 ct
700 1478 850 1542 maximis
872 1481 1014 1544 tractare
1038 1478 1116 1543 dicit

103 1584 133 1665 [I
155 1607 186 1666 p.
205 1585 235 1666 4,
258 1585 326 1666 23].
363 1583 447 1650 sicut
471 1585 555 1649 enim
580 1587 616 1649 in
637 1585 819 1650 Elementis
839 1584 911 1670 [IlI,
936 1586 970 1667 8]
994 1586 1029 1649 in
1052 1585 1114 1651 cir-

100 1691 172 1755 culo
197 1691 379 1772 didicimus,
405 1713 475 1757 esse
498 1696 655 1774 punctum
679 1693 810 1777 aliquod
834 1696 925 1757 extra
949 1691 1114 1777 circulum,

98 1797 183 1862 unde
207 1819 289 1881 quac
314 1798 354 1861 ad
379 1819 493 1862 cauam
510 1802 636 1880 partem
655 1799 797 1863 ambitus
817 1798 978 1882 adcidant,
1003 1822 1114 1864 earum

102 1904 277 1967 maximam
301 1924 381 1986 csse,
406 1925 488 1987 quae
511 1925 569 1985 per
591 1905 736 1967 centrum
758 1903 854 1968 ducta
874 1905 927 1989 sit,
949 1909 1113 1970 rectarum

99 2014 209 2074 autem
250 2009 290 2073 ad
333 2029 510 2072 conuexam
553 2011 680 2092 partem
717 2008 858 2073 ambitus
897 2010 1113 2075 adcidentium

99 2115 265 2179 minimam
306 2135 391 2196 esse,
429 2135 511 2199 quae
547 2114 633 2177 inter
666 2117 823 2196 punctum
856 2119 889 2178 et
922 2115 1114 2181 diametrum

100 2222 210 2304 posita
238 2221 294 2304 sit,
321 2220 370 2285 ita
398 2219 518 2284 similia
544 2219 579 2283 in
608 2219 806 2285 sectionibus
832 2219 906 2285 coni
929 2222 1057 2305 quaerit
1078 2222 1114 2286 in

104 2325 217 2410 quinto
246 2326 340 2391 libro.
386 2327 425 2391 de
454 2330 545 2391 sexto
572 2331 682 2391 autem
710 2331 743 2391 ct
771 2326 912 2410 septimo
941 2329 975 2392 et
997 2331 1114 2393 octauo

100 2434 304 2517 propositum
323 2434 392 2518 ipse
411 2434 492 2498 satis
511 2435 597 2498 clare
617 2435 775 2517 exposuit
807 2433 889 2498 baec
907 2434 946 2498 de
965 2436 1115 2518 epistula.

166 2538 378 2605 Definitioncs
421 2544 529 2604 autem
567 2540 696 2605 ordiens
733 2541 893 2626 originem
932 2542 1114 2626 superficiei

100 2646 231 2712 conicae
250 2646 414 2726 describit,
432 2646 488 2711 sed
509 2668 591 2730 quae
610 2648 662 2730 sit,
680 2669 746 2712 non
766 2647 888 2730 definit5
910 2649 988 2713 licet
1004 2651 1114 2711 autem

98 2755 152 2837 iis,
185 2754 239 2839 qui
271 2753 448 2836 uoluerint,
481 2774 519 2816 ex
553 2753 679 2838 origine
708 2753 929 2818 definitionem
958 2754 1113 2819 deriuare.

101 2861 155 2925 sed
180 2859 266 2945 quod
289 2859 377 2942 dicit,
399 2860 505 2944 figura
527 2859 737 2924 manifestum
760 2860 938 2926 reddemus.

167 2968 199 3031 si
233 2989 251 3030 a
283 2968 427 3049 puncto
460 2967 590 3051 aliquo
622 2966 668 3031 ad
696 2967 881 3031 ambitum
910 2965 1049 3030 circuli
1077 2966 1114 3028 et

101 3095 195 3159 quae
221 3075 434 3156 sequuntur
459 3073 488 3153 [Ι
511 3097 542 3156 p.
562 3074 591 3151 6,
614 3074 660 3154 2].
696 3074 740 3139 sit
763 3073 902 3137 circulus
925 3075 1001 3154 ΑΒ,
1025 3070 1114 3134 cuius

98 3201 423 3212 -—----————-——-
858 3201 939 3206 ——

100 3266 187 3334 φησίν
201 3264 245 3320 W.
322 3271 362 3320 14.
382 3263 549 3334 στοιχειόσει
563 3264 608 3333 W,
629 3266 678 3320 scd
695 3283 764 3322 corr.
779 3284 815 3319 m.
832 3272 855 3320 1.
928 3264 997 3334 τῶν]
1017 3262 1046 3317 in
1060 3279 1113 3318 ras.

100 3355 136 3390 m.
157 3345 169 3390 1
190 3335 235 3390 W.
325 3341 366 3389 15.
390 3333 553 3404 περιφέρει·
576 3337 605 3389 in
628 3353 681 3392 ras.
702 3355 738 3390 m.
759 3341 773 3389 1
793 3337 838 3390 W.
928 3341 969 3392 18.
994 3329 1067 3389 οὕτω
1086 3350 1113 3403 p.

136 3414 177 3464 23.
197 3405 260 3479 τόν]
281 3407 392 3478 scripsi;
417 3406 448 3461 τό
467 3407 536 3476 Wp.
610 3404 685 3461 ἔστιν
704 3407 749 3463 W.
822 3405 979 3478 διορισμόν]
1000 3405 1113 3474 scripsi3

101 3496 247 3567 διορισμοῦ
266 3496 335 3566 Wp.
409 3501 452 3550 24.
474 3494 581 3562 ἔξεστιν
599 3494 645 3552 W.
717 3503 831 3554 27-28.
851 3479 947 3586 ζὼς.
961 3495 1006 3552 W.
