2444 3892
165 158 233 224 240
448 159 711 213 mmmmm
727 157 899 223 ANTIQUA.

165 311 197 369 A
204 308 241 386 Z,
255 299 292 369 τὸ
303 309 336 367 A
340 307 385 369 M
384 308 422 368 N
424 309 452 369 B
465 297 815 389 παραλληλόγραμμον
829 322 913 388 προς
926 299 964 368 τὸ
977 302 1047 377 ΑΞ
1059 310 1183 390 παραλ-

165 407 420 495 ληλόγραμμον,
443 404 489 487 ὡς
510 405 576 496 άρα
598 404 636 475 τὸ
660 403 725 475 άπὸ
744 413 806 474 ΓΒ
828 405 913 495 πρὸς
935 408 974 475 τὸ
994 413 1096 476 ΓΔΒ
1119 414 1185 497 τρί’

165 539 288 600 γωνον,
313 511 419 594 οὕτως
440 511 479 583 τὸ
497 520 647 581 AMNB
671 513 1022 601 παραλληλόγραμμον
1039 515 1128 604 πρὸς
1149 520 1183 584 τὸ

165 622 296 696 ΑΖΞΒ
306 621 667 708 παραλληλόγραμμον·
682 619 834 706 ἐναλλάξ,
845 617 890 702 ὡς
898 619 936 689 τὸ
947 620 1015 690 άπὸ
1026 627 1093 690 ΓΒ
1103 625 1184 712 πρὸς

102 740 106 744 ·
129 739 146 788 5
165 724 203 793 τὸ
214 733 333 795 ΛΜΝ
334 734 362 794 Β
377 725 736 815 παραλληλόγραμμον,
749 723 855 807 οὕτως
863 728 901 795 τὸ
913 733 1005 795 ΓΔΒ
1015 735 1183 817 τρίγωνον

165 832 250 921 πρὸς
276 830 314 901 τὸ
338 837 465 906 ΑΖΞΒ
488 832 846 921 παραλληλόγραμμον.
892 841 966 902 ἴσον
991 835 1031 902 δέ
1054 837 1127 904 ἐστι
1149 836 1182 905 τὸ

166 942 300 1016 ΖΑΒΞ
311 943 660 1028 παραλληλόγραμμον
674 943 719 1031 τῷ
734 945 836 1007 ΓΒΔ
848 938 1018 1032 τριγώνῳ·
1033 942 1108 1010 ἐπεὶ
1121 945 1180 1030 γάρ

165 1045 202 1114 τὸ
221 1052 328 1114 ΓΗΚ
339 1052 505 1132 τρίγωνον
519 1050 565 1138 τῷ
581 1050 728 1114 ΑΛΗΔ
741 1045 970 1137 τετραπλεύρῳ
986 1048 1081 1117 ἐστὶν
1101 1057 1180 1135 ἴσον,

165 1152 283 1221 κοινὸν
294 1153 332 1220 δὲ
340 1151 379 1220 τὸ
385 1158 522 1219 ΗΛΒΚ
527 1152 780 1241 τετράπλευρον,
790 1152 827 1221 τὸ
838 1158 968 1221 ΛΑΒΚ
976 1154 1179 1243 παραλληλό-

114 1271 147 1320 10
165 1284 320 1348 γραμμον
342 1263 388 1350 τῷ
409 1264 507 1326 ΓΔΒ
530 1257 682 1348 τριγώνῳ
702 1259 793 1326 ἐστὶν
813 1266 902 1328 ἴσον·
924 1261 962 1327 τὸ
984 1259 1022 1328 δὲ
1043 1267 1179 1330 AABK

164 1365 516 1455 παραλληλόγραμμον
534 1370 579 1454 τῷ
596 1367 729 1441 ΖΑΒΞ
739 1365 1078 1461 παραλληλογράμμῳ
1094 1369 1175 1438 ἐστὶν

166 1483 255 1541 ἴσον·
280 1473 332 1540 ἐπὶ
356 1469 420 1559 γὰρ
443 1475 502 1556 τῆς
525 1471 628 1556 αὐτῆς
650 1471 778 1557 βάσεώς
801 1473 870 1540 ἐστι
893 1475 951 1558 τής
973 1481 1041 1541 ΑΒ
1065 1475 1122 1543 καὶ
1144 1477 1174 1544 ἐν

162 1592 234 1658 ταῖς
267 1574 383 1656 αὐταῖς
415 1575 639 1664 παραλλήλοις
669 1591 742 1658 ταῖς
765 1586 846 1665 ΑΒ,
875 1585 950 1648 ΖΚ.
1006 1588 1085 1650 ἴσον
1116 1579 1174 1670 άρα

164 1685 233 1751 ἐστὶ
256 1682 293 1750 τὸ
313 1689 414 1750 ΓΔΒ
433 1688 602 1770 τρίγωνον
620 1687 666 1774 τςό
682 1687 813 1763 ,ΞΖΑΒ
832 1687 1175 1780 παραλληλογράμμῳ·

113 1805 145 1855 15
165 1788 249 1858 ὥστε
276 1787 392 1858 καὶτὸ
420 1788 487 1857 ἀπὸ
510 1796 571 1857 ΓΒ
598 1796 644 1883 τῷ
668 1799 817 1860 AMNB
845 1793 1173 1884 παραλληλογράμμῳ

165 1897 255 1966 ἐστὶν
285 1906 368 1965 ἴσον.
419 1895 457 1966 τὸ
486 1897 524 1966 δὲ
552 1905 706 1967 ΜΑΒΝ
728 1899 1080 1988 παραλληλόγραμμον
1108 1909 1174 1970 ἴσον

165 2006 233 2074 ἐστὶ
261 2009 306 2097 τῷ
335 2001 401 2073 ὑπὸ
425 2013 547 2073 ΜΛΒ·
576 2002 596 2092 ή
625 2004 689 2094 γάρ
714 2011 789 2072 MA
812 2003 894 2093 πρὸς
918 2004 1026 2094 ὀρθάς
1050 2009 1120 2076 ἐστι
1140 2008 1174 2094 τή

163 2121 242 2180 ΑΒ·
270 2111 308 2180 τὸ
337 2113 403 2200 ἄρα
430 2109 495 2181 ὑπὸ
519 2118 628 2179 MAB
655 2120 730 2179 ἴσον
754 2112 823 2180 εὀτὶ
850 2115 896 2203 τῷ
920 2108 985 2179 άπὸ
1010 2119 1082 2182 ΓΒ.
1127 2115 1177 2180 καί

165 2223 255 2286 ἐστιν
279 2216 299 2304 ή
319 2225 396 2286 MA
420 2216 523 2306 ὀρθία
546 2220 607 2285 τοῦ
631 2221 742 2298 εἴδους
765 2216 904 2305 πλευρά,
927 2216 948 2305 ή
968 2218 1007 2286 δὲ
1025 2226 1093 2287 AB
1112 2218 1175 2291 διά-

111 2338 146 2388 20
165 2351 297 2414 μετρος,
326 2324 381 2391 καὶ
409 2321 429 2410 ή
454 2330 516 2391 ΓΒ
542 2323 758 2410 τεταγμένως·
787 2323 1000 2410 παράλληλος
1021 2325 1089 2414 γάρ
1114 2327 1173 2394 ἐστι

162 2436 204 2520 τῇ
227 2438 306 2498 ΑΕ·
329 2431 367 2498 τὸ
392 2436 424 2496 Γ
444 2427 508 2517 άρα
531 2427 614 2515 πρὸς
636 2432 676 2516 τή
699 2433 783 2518 τομή
808 2432 907 2498 ἐστιν.
944 2427 965 2516 ή
986 2438 1098 2499 ΔΗΓ
1117 2430 1175 2519 ἄρα

164 2536 346 2624 συμβάλλει
369 2538 408 2624 τή
432 2537 516 2622 τομῇ
540 2531 622 2601 κατὰ
647 2533 684 2602 τὸ
711 2540 756 2601 Γ·
780 2532 861 2623 ὅπερ
886 2540 954 2603 ἔδει
978 2538 1095 2619 δεῖξαι.

314 2728 454 2816 σχόλια
478 2733 534 2808 εἰς
557 2733 597 2796 τὸ
620 2728 816 2816 προτεθὲν
839 2728 1040 2819 θεώρημα.

231 2852 462 2940 πεποιήσθω
487 2853 548 2940 δή,
573 2857 621 2934 ὡς
644 2858 685 2922 τὸ
709 2850 782 2922 άπὸ
802 2861 869 2921 ΑΕ
889 2860 985 2943 πρὸς
1007 2861 1052 2924 τὸ’
1076 2863 1175 2927 ΑΕΔ

109 2975 145 3024 25
164 2966 380 3047 τρίγωνον,
413 2956 433 3046 ή
467 2966 542 3027 ΜΛ
574 2963 669 3048 πρὸς
701 2967 779 3045 ΑΖ]
812 2964 911 3030 τοῦτο
946 2963 1113 3033 δέδεικται
1142 2965 1175 3032 ἐν

163 3071 285 3155 σχολίῳ
313 3069 375 3133 τοῦ
399 3065 446 3132 ια’
469 3067 693 3154 θεωρήματος.
740 3065 938 3153 άναγράψας
961 3069 1025 3157 γὰρ
1049 3069 1088 3138 τὸ
1112 3071 1174 3138 αἰπο

162 3177 231 3236 ΑΕ
251 3171 307 3236 καὶ
330 3169 418 3259 παρὰ
443 3174 506 3258 τήν
528 3171 675 3262 πλευρὰν
694 3171 799 3242 αὐτοῦ
818 3185 863 3265 τῳ
902 3181 1007 3242 ΑΕΔ
1025 3175 1175 3267 τριγώνῳ

163 3283 238 3343 ἴσον
261 3276 465 3363 παραβαλὼν
490 3280 551 3361 ἔξω
575 3278 612 3348 τὸ
638 3280 851 3367 ζητούμενον.

233 3443 257 3491 3.
277 3431 350 3492 οὕτω
365 3456 391 3508 p.
466 3446 490 3493 4.
509 3441 582 3494 Ante
598 3436 717 3507 ἐναλλάξ
731 3442 783 3496 ins.
799 3443 850 3495 καί
861 3441 1006 3511 eomp.W.
1082 3451 1106 3499 5.
1127 3441 1174 3514 τό]

161 3504 192 3562 τὸ
213 3504 270 3563 άπό
295 3509 367 3579 Wp,
396 3527 466 3566 corr.
486 3509 590 3566 Comm.
683 3511 754 3569 οὕτω
779 3530 806 3582 p.
897 3519 921 3567 6.
947 3509 1015 3584 ἐστι]
1041 3530 1131 3585 comp.
1151 3533 1176 3584 p,
