2444 3892
287 167 437 220 EUTOCII
455 167 718 219 COMMENTARIA
736 167 776 218 ln
794 167 937 220 comen.
1050 167 1115 230 297

101 308 236 375 sitiones
263 301 460 394 perscriptae
484 310 742 394 reperiebantur,
770 332 851 394 quae
875 315 912 375 ut
936 311 1116 394 superfluae

100 440 121 482 a
147 416 245 481 nobis
274 421 418 482 remotae
447 421 536 502 sunt,
564 418 725 482 namhoc
749 417 984 502 demonstrato,
1012 440 1117 501 asym-

99 526 212 607 ptotas
233 523 273 587 ad
293 523 471 589 sectionem
489 524 622 608 propius
642 524 796 589 adsedere
815 529 848 588 et
868 524 908 588 ad
927 525 1117 589 distantiam

102 631 193 695 omni
225 630 301 695 data
333 631 488 696 distantia
520 631 679 696 minorem
708 631 889 715 peruenire,
922 631 1118 715 superfluum

102 741 173 802 erat
191 737 273 802 haee
287 758 449 821 quaerere.
486 737 663 802 scilicetne
679 738 971 802 demonstrationes
987 738 1117 821 quidem

101 843 238 926 habent,
261 843 318 907 sed
342 843 540 907 differentias
564 845 751 928 figurarum.
793 843 849 907 sed
872 847 910 907 ut
932 843 1117 928 legentibus

102 951 208 1014 lucem
245 949 366 1015 claram
403 949 589 1028 reddamus,
624 950 678 1014 hic
715 951 927 1033 collocentur,
965 972 1056 1036 quae¹
1081 953 1119 1013 ut

103 1056 267 1139 superflua
290 1060 415 1120 remota
438 1059 522 1120 sunt.

171 1161 207 1228 Si
231 1184 313 1246 quae
337 1165 541 1246 asymptotae
565 1165 640 1225 sunt
664 1163 814 1227 sectionis
833 1162 916 1226 aliae
935 1166 1032 1245 atque
1054 1184 1119 1244 eae,

104 1291 185 1354 quas
209 1269 346 1333 diximus
366 1291 474 1353 supra,
497 1269 568 1352 hae,
592 1290 672 1354 quas
693 1291 790 1352 supra
809 1269 958 1349 diximus,
982 1269 1120 1333 sectioni

102 1376 272 1461 propiores
296 1379 379 1441 sunt.

172 1482 216 1546 sit
247 1481 441 1566 hyperbola,
474 1483 563 1547 cuius
597 1485 801 1566 asymptotae
835 1482 902 1546 sint
930 1485 1006 1565 ΓΑ,
1039 1487 1119 1546 ΑΔ.

104 1589 191 1672 dico,
219 1589 247 1653 si
272 1611 354 1674 quae
378 1593 582 1674 asymptotae
606 1589 671 1653 sint
694 1588 859 1672 sectionis,
884 1592 962 1673 ΓΑ,
985 1595 1056 1653 ΑΔ
1079 1590 1119 1653 iis

104 1697 273 1779 propiores
297 1717 376 1760 esse.

172 1802 238 1866 iarn
261 1805 299 1866 ut
321 1802 355 1866 in
379 1802 486 1886 prima
508 1802 613 1886 figura
636 1806 707 1885 EZ,
731 1806 804 1866 ΖΗ
823 1805 1026 1885 asymptotas
1051 1824 1120 1865 esse

104 1930 171 1973 non
193 1929 299 1992 posse,
323 1908 541 1993 manifestum,
563 1909 610 1973 ita
634 1909 764 1992 scilicet,
787 1911 825 1971 ut
843 1912 905 1971 ΕΖ
929 1913 1036 1971 rectae
1056 1910 1121 1970 ΓΑ

104 2015 264 2099 parallela
296 2014 351 2100 sit,
384 2019 456 2079 ZH
484 2018 593 2080 autem
625 2018 731 2078 rectae
764 2019 848 2097 AA,
881 2035 959 2076 nam
992 2013 1121 2076 demon·

106 2124 246 2186 stratum
270 2126 320 2187 est
339 2125 444 2207 [prop.
459 2121 565 2204 xlm,
589 2143 643 2185 eas
662 2143 736 2185 cum
757 2120 899 2184 sectione
919 2139 1121 2200 concurrere,

106 2233 183 2293 sunt
211 2229 355 2293 enimin
379 2230 487 2313 spatio
510 2228 651 2312 positae,
679 2227 765 2311 quod
789 2225 982 2309 asymptotis
1006 2224 1122 2289 sectio-

105 2357 209 2419 neque
234 2336 424 2401 continetur.

177 3113 240 3197 sin,
273 3117 310 3176 ut
341 3114 376 3175 in
409 3111 550 3176 secundo
584 3115 661 3175 sunt
692 3132 782 3195 casu,
816 3114 1020 3194 asymptotae
1049 3114 1125 3174 sunt

108 3222 180 3303 EZ,
205 3221 278 3282 ZH
294 3218 390 3282 rectis
409 3220 482 3299 ΓΑ,
505 3222 576 3280 ΑΛ
593 3218 777 3301 parallelae,
801 3218 874 3300 ΓΑ,
898 3222 969 3280 ΑΔ
988 3215 1124 3280 sectioni

108 3325 278 3409 propiores
303 3327 380 3388 sunt
402 3346 499 3407 quarn
523 3327 599 3407 EZ,
622 3326 696 3386 ZH.

179 3446 211 3500 in
229 3447 312 3516 fig.2
337 3449 364 3499 Γ
389 3460 443 3498 om.
462 3443 512 3511 W,
542 3447 566 3496 E
589 3444 620 3498 in
642 3461 696 3498 ras.
716 3444 794 3510 hab.;
818 3444 922 3513 figuras
946 3441 1052 3512 primas
1075 3460 1124 3494 nu-

110 3518 196 3574 meris
215 3513 255 3572 c'‘
271 3515 309 3589 β”
326 3512 365 3585 γ”
379 3512 416 3569 δ”
436 3518 519 3571 notat
536 3515 581 3570 W.
