2444 3892
122 127 188 190 316
406 124 670 178 COMMENTARIA
686 125 856 188 ANTIQUA.

72 354 77 365 ’
122 275 188 337 ΑΖ
210 269 251 355 τῆ
271 273 352 333 ΔΒ·
375 266 431 334 καὶ
450 262 496 344 ὡς
514 261 620 354 ἅραῆ
644 270 713 332 ΒΗ
725 268 808 352 πρὸς
825 269 905 351 ΗΓ,
928 261 1049 352 ῆΑΗ
1062 269 1141 354 πρὸς

122 381 205 441 ΗΔ.
242 371 453 460 παράλληλος
466 372 533 458 ἄρα
547 367 754 457 ἕστλνῆΑΒ
767 374 808 459 τῆ
822 375 897 438 ΓΔ.
934 379 1012 439 ἴσον
1026 369 1140 461 ἄρατὸ

124 485 235 547 ΑΔΓ
257 483 425 566 τρίγωνον
452 480 498 568 τῷ
521 483 637 562 ΒΓΔ,
664 477 720 545 καὶ
746 480 868 546 κοινοῦ
886 474 1142 566 ἀφαιρουμένου

124 588 187 652 τοῦ
209 590 315 652 ΓΔΕ
335 588 455 652 λοιπὸν
477 585 514 651 τὸ
539 590 648 651 ΑΔΕ
669 590 746 652 ἴσον
770 583 839 652 ἐστὶ
862 586 908 676 τῷ
927 588 1035 653 ΓΒΕ.

89 706 106 754 ο
192 692 268 777 περὶ
287 690 324 758 δὲ
338 693 406 757 τῶν
420 688 580 757 πτώσεων
594 688 739 776 λεκτέον,
759 686 810 757 ὅτι
824 689 878 758 ἐπὶ
892 690 954 775 μὲν
967 693 1029 776 τῆς
1042 713 1142 778 παρα·

98 878 102 883 .
125 801 228 885 βολῆς
246 798 302 864 καὶ
320 800 379 882 τῆς
397 792 585 884 ὑπερβολῆς
604 792 667 863 οὐκ
680 799 756 883 ἔχει,
777 797 830 864 ἐπὶ
844 795 883 864 δὲ
895 800 955 883 τῆς
968 798 1143 877 ἐλλείψεως

126 909 193 991 ἔχει
221 903 296 971 δύο
326 905 363 969 αλ
388 899 453 990 γὰρ
482 899 710 989 ἐφαπτόμεναι
731 901 815 969 κατὰ
839 899 900 981 τὰς
922 897 1013 987 ἁφὰς
1035 901 1142 988 μόνον

126 1008 380 1097 συμβάλλουσαι
392 1021 465 1088 ταῖς
479 1009 669 1095 διαμέτροις
680 1007 738 1083 καλ
752 1008 1014 1094 ἐκβαλλομέναις
1027 1008 1143 1088 αὐτοῖς

128 1119 386 1202 συμπίπτουσιν,
405 1109 427 1201 ῆ
447 1111 492 1194 ὡς
510 1115 548 1182 ἐν
566 1116 612 1207 τῷ
630 1115 719 1204 ῥητῷ
738 1127 854 1199 κεῖται,
877 1108 899 1201 ῆ
919 1113 973 1180 ἐπὶ
990 1111 1033 1182 τὰ
1051 1115 1143 1203 ἕτερα

74 1237 108 1286 10
128 1223 222 1311 μέρη,
258 1219 332 1289 καθ’
369 1218 391 1288 ἃ
422 1222 491 1287 ἐστι
523 1224 560 1287 τὸ
593 1228 637 1305 Ε,
671 1217 782 1310 ὥσπερ
814 1224 881 1308 ἔχει
912 1220 969 1287 καὶ
1002 1220 1056 1287 ἐπὶ
1088 1224 1145 1307 τῆς

125 1325 322 1416 ὑπερβολῆς.

538 1420 607 1496 Εἰς
629 1418 671 1484 τὸ
694 1414 740 1503 β’.

199 1538 267 1621 Τὰς
288 1539 429 1627 πτοήσεις
450 1523 575 1607 τούτου
597 1542 658 1607 τοῦ
680 1539 900 1628 θεωρήματος
918 1537 1072 1630 εὑρήσεις
1090 1540 1146 1610 διὰ

128 1650 192 1715 τοῦ
214 1645 272 1733 μβ
295 1645 351 1713 καὶ
374 1645 432 1730 μη’
455 1643 676 1732 θεωρήματος
697 1649 760 1715 τοῦ
782 1645 817 1713 α’
840 1651 975 1735 βιβλίου
997 1649 1056 1716 ιιαλ
1077 1650 1145 1718 τῶν

77 1767 110 1817 15
130 1756 178 1832 εἰς
201 1747 286 1820 αὐτὰ
303 1749 542 1838 γεγραμμένων
562 1757 716 1838 σχολίον.
759 1756 813 1821 δεῖ
828 1754 941 1840 μέντοι
961 1755 1145 1842 ἐπιστῆσαι,

129 1857 197 1942 ὅτι,
226 1856 287 1924 ἐὰν
313 1860 351 1925 τὸ
374 1863 414 1924 Η
436 1869 576 1945 σημεῖον
604 1885 657 1945 με·

128 1967 209 2046 ταξὺ
231 1973 300 2033 τῶν
323 1973 367 2050 Α,
386 1972 415 2033 Β
433 1972 550 2055 ληφθῇ
572 1962 656 2034 ὥστε

128 2070 188 2150 τὰς
223 2071 457 2160 παραλλήλους
494 2070 582 2140 εἶναι
612 2071 657 2152 ὡς

129 2176 188 2258 τὰς
198 2185 343 2266 ΜΙΗΖ,
353 2185 471 2263 ΑΗΚ,
482 2179 655 2265 ἐκβάλλειν

76 2297 111 2348 20
133 2288 187 2351 δεῖ
211 2285 275 2370 τὴν
305 2291 375 2351 ΛΚ
400 2287 496 2372 μέχρι
521 2288 579 2371 τῆς
605 2311 656 2352 το-

130 2401 194 2478 μῆς
223 2387 268 2468 ὡς
295 2388 439 2457 κατὰτὸ
462 2398 498 2460 Ν
519 2391 575 2457 καλ
599 2389 656 2457 διὰ

129 2506 191 2567 τοῦ
229 2499 267 2563 Ν
301 2500 341 2584 τῆ
376 2503 448 2563 ΒΔ
488 2496 656 2583 παράλλη-

129 2611 192 2671 λον
215 2597 353 2688 ἀγαγεῖν
376 2601 439 2688 τῆν
461 2605 540 2678 ΝΞ
564 2605 656 2669 ἔσται

129 2710 195 2796 γὰρ
225 2707 282 2774 διὰ
310 2706 350 2774 τὰ
378 2706 535 2796 εἰρημένα
563 2709 600 2775 ἐν
627 2710 673 2798 τῷ
700 2708 735 2777 α’
764 2715 883 2802 βιβλίῳ
910 2709 993 2778 κατὰ
1019 2714 1058 2779 τὸ
1083 2718 1147 2799 μεθ’

78 2828 113 2877 25
132 2814 188 2881 καὶ
212 2813 246 2899 η’
269 2812 431 2900 θεώρημα
453 2811 510 2879 καλ
533 2812 570 2881 τὸ
593 2814 723 2884 τούτων
742 2815 879 2904 σχόλιον
897 2814 936 2884 τὸ
955 2823 1029 2884 ΚΝ
1032 2820 1064 2894 Ξ
1077 2825 1146 2908 τρί-

203 2973 235 3026 Ιο
253 2973 301 3040 fig.
321 2989 372 3040 pro
392 2979 409 3026 Ι
424 2971 490 3024 hab.
513 2976 539 3025 Τ
556 2973 600 3042 W,
619 2991 669 3043 pro
689 2979 720 3028 H
734 2976 799 3031 hab.
819 2979 858 3044 N,
881 2993 933 3046 pro
952 2978 985 3030 N
1000 2977 1097 3032 autem
1117 2981 1147 3034 Γ.

131 3067 272 3074 —.-—.
287 3067 345 3072 ...—

205 3122 228 3169 1.
246 3114 313 3184 ΔΒ]
332 3119 382 3167 ΑΒ
401 3113 471 3181 Wp,
490 3127 559 3170 corr.
580 3115 687 3171 Comm.
751 3117 996 3188 BH]Hecorr.
1016 3117 1061 3174 W.
1122 3127 1147 3177 3.

131 3185 231 3257 ΑΔΓ]
242 3190 268 3238 Δ
277 3201 347 3239 corr.
356 3201 391 3239 ex
400 3186 428 3237 Γ
438 3183 468 3237 in
478 3182 560 3239 scrib.
566 3186 611 3241 W.
663 3194 687 3242 9.
698 3183 716 3256 ή
723 3188 799 3259 (ρε.)]
810 3186 915 3257 addidi,
925 3205 979 3244 om.
988 3187 1053 3259 Wp.
1106 3197 1148 3245 10.

133 3253 208 3312 ἐστιν
228 3256 272 3310 W.
328 3261 370 3310 16.
392 3249 456 3326 ἐάν]
476 3271 546 3310 corr.
561 3273 596 3311 ex
614 3254 645 3312 ἐν
664 3277 693 3327 p,
713 3255 744 3313 ἐν
762 3258 793 3313 in
807 3274 861 3314 ras.
876 3258 920 3315 W.
974 3259 1021 3331 τό]
1037 3260 1149 3330 Halley,

131 3329 207 3401 τῷμ
230 3330 260 3383 et
277 3324 308 3380 in
326 3343 381 3381 ras.
400 3325 445 3382 W.
495 3364 496 3368 ,
535 3329 665 3401 σημεῖον]
684 3345 775 3397 comp.
794 3346 826 3398 p,
851 3332 956 3402 σημείῳ
979 3329 1010 3385 in
1027 3347 1083 3386 ras.
1102 3331 1148 3388 W.

153 3397 360 3526 ἡ19νᾷΜΙΙλΖ]
384 3395 497 3468 scripsi3
525 3401 600 3469 ME,
621 3404 675 3454 HZ
698 3400 766 3469 Wp,
858 3406 901 3456 23.
924 3398 989 3472 τήν]
1009 3417 1099 3472 comp.
1120 3422 1149 3474 p,

133 3492 166 3542 τη
223 3513 230 3528 .
