2444 3892
153 170 221 235 214
433 174 696 227 ΟΟΜΜΕΝΤΔΒΙΔ
711 175 882 240 mmm

571 354 633 430 Είς
653 349 691 419 τὸ
716 349 755 432 ζ’.

225 472 271 542 Τὸ
301 474 328 555 ζ’
351 472 513 563 θεώρημα
537 473 677 554 πτώσεις
699 479 766 562 έχει
787 476 963 564 τέσσαρας·
991 475 1015 563 ἢ
1039 480 1113 567 γάρ
1137 475 1178 547 ού

154 579 337 667 συμβάλλει
359 578 380 668 ἡ
406 587 478 648 ΖΗ
496 592 536 670 τῇ
560 587 629 648 ΑΓ
651 577 672 669 ἢ
696 580 878 670 συμβάλλει
894 579 1058 670 τριχώςῆ
1081 584 1177 666 έιιτδς

154 689 215 754 τοῦ
237 686 363 756 κύκλου
386 682 407 773 ἢ
432 686 525 767 ἐντὸς
548 682 569 773 ἢ
592 688 645 755 ἐπὶ
667 691 730 756 τοῦ
754 694 787 755 Γ
804 693 952 776 σημείου.

118 921 134 970 5
555 899 652 968 Μετὰ
673 898 712 967 τὸ
735 900 771 968 ι’.

222 1021 294 1108 Χρὴ
322 1024 510 1109 ἐπιστῆσαι,
538 1022 589 1091 ὅτι
615 1023 655 1092 τά
678 1028 697 1091 ῖ
717 1029 822 1093 ταῦτα
843 1023 1047 1113 θεωρήματα
1070 1022 1173 1114 άλλή-

154 1136 224 1197 λων
248 1134 388 1217 έχονταα
425 1126 511 1197 άλλά
535 1131 573 1197 τὸ
597 1133 732 1218 πρώτον
756 1134 834 1218 ἔχει,
858 1129 910 1199 ὅτι
932 1134 971 1198 αί
987 1133 1024 1200 έν
1042 1136 1087 1221 τῇ
1105 1136 1171 1202 έπι

155 1242 278 1325 ῳανείῳ
306 1233 436 1304 εύδείαι
463 1234 624 1303 νεύουσαι
652 1236 704 1303 ἐπὶ
731 1237 795 1322 τὴν
822 1235 977 1324 κορυφὴν
1003 1239 1041 1305 ἐν
1064 1239 1171 1329 ταύτῃ

155 1341 328 1429 μένουσιν,
356 1341 394 1409 τὸ
419 1340 457 1409 δὲ
480 1341 639 1428 δεύτερον
662 1339 700 1410 τὸ
723 1339 909 1429 ἀνάπαλιν,
931 1341 969 1410 τὸ
993 1342 1032 1411 δέ
1053 1351 1171 1430 τρίτον

102 1469 136 1519 10
157 1452 222 1534 ἔχει
250 1447 312 1532 τὴν
339 1449 395 1515 διὰ
422 1452 481 1533 τῆς
506 1452 657 1535 κορυφῆς
684 1452 744 1516 τοῦ
771 1449 884 1517 κώνου
911 1447 1031 1538 τομήν,
1063 1449 1104 1518 τὸ
1134 1450 1170 1519 δὲ

153 1553 310 1639 τέταρτον
337 1555 400 1639 τὴν
428 1552 641 1640 παράλληλον
668 1558 708 1643 τῇ
731 1553 844 1640 βάσει,
872 1554 910 1622 τὸ
934 1555 1085 1641 πέμπτον
1108 1555 1169 1643 τὴν

153 1654 372 1741 ὑπεναντίαν,
399 1657 437 1727 τὸ
466 1660 562 1727 ἕκτον
591 1657 714 1728 ώσανεδ
738 1660 1008 1748 προλαμβάνεται
1031 1665 1096 1731 τοῦ
1119 1663 1169 1750 έβ·

154 1762 262 1849 δόμου
290 1763 462 1851 δεικνύον,
491 1764 542 1834 ὅτι
570 1768 624 1834 καί
648 1764 731 1849 πρὸς
755 1765 862 1856 ὀρδδις
885 1766 1013 1854 ὀφείλει
1037 1769 1169 1849 πάντας

154 1867 241 1938 είναι
269 1880 308 1961 τῇ
336 1873 502 1965 διαμέτρῳ
535 1878 597 1942 τοῦ
624 1874 749 1942 κύκλον
776 1871 797 1960 ἡ
825 1873 922 1959 κοινὴ
949 1872 1035 1960 τομὴ
1064 1872 1169 1944 αὐτοῦ

103 1997 137 2048 15
155 1978 211 2046 καὶ
244 1982 305 2047 τού
333 1980 515 2065 τέμνοντος
543 1981 716 2065 ἐπιπέδου,
748 1980 804 2047 καὶ
833 1975 882 2047 ὅτι
911 1978 1036 2048 τούτου
1064 1980 1170 2062 ούτως

154 2089 289 2172 ἔχοντος
316 2087 353 2152 αί
377 2084 585 2174 παράλληλοι
613 2083 696 2174 αὐτῇ
725 2089 983 2172 διχοτομοῦνται
1010 2084 1077 2154 ὑπὸ
1108 2091 1168 2158 τού

154 2190 333 2277 τριγώνου,
356 2189 394 2259 τδ
420 2191 457 2260 δέ
477 2194 623 2279 ἕβδομον
641 2190 699 2271 τὰς
718 2190 820 2271 άλλας
836 2205 925 2280 τρεῖς
942 2191 1046 2280 τομδις
1065 2197 1168 2277 ἔδειξε

154 2298 210 2364 καὶ
242 2299 305 2383 τὴν
337 2297 517 2384 διάμετρον
549 2297 604 2366 καὶ
637 2297 695 2377 τὰς
725 2294 775 2366 ἐπ’
807 2296 914 2383 αὐτὴν
941 2302 1172 2386 καταγομένας

156 2402 389 2490 παραλλήλους
412 2413 451 2491 τῇ
476 2405 513 2470 έν
536 2412 575 2490 τῇ
599 2401 696 2487 βάσει
715 2401 840 2493 εύδείῳ.
879 2407 915 2471 έν
935 2402 973 2471 δὲ
990 2408 1036 2495 τῷ
1058 2401 1170 2499 ὀγδόῳ

106 2530 141 2581 20
161 2511 346 2595 δείκνυσιν,
380 2506 460 2595 ὅπερ
489 2511 526 2576 έν
554 2520 624 2588 τοῖς
649 2509 907 2595 προλεγομένοις
934 2518 1086 2596 εἴπομεν,
1120 2512 1171 2582 ὅτι

152 2614 173 2701 ἡ
206 2617 379 2703 παραβολὴ
413 2616 469 2683 καί
497 2613 518 2701 ἡ
547 2612 715 2701 ὑπερβολὴ
744 2619 812 2681 τών
840 2619 887 2694 είς
913 2614 1056 2701 άπειρόν
1084 2623 1172 2688 είσιν

157 2719 366 2809 αὐξομένων,
394 2724 431 2790 έν
455 2722 493 2789 δὲ
514 2725 560 2811 τῷ
585 2719 706 2811 ἐνάτῳ,
738 2718 789 2788 ὅτι
816 2717 837 2806 ἡ
862 2726 1006 2802 ἔλλειψις
1029 2725 1170 2794 σνννεύ·

156 2848 241 2896 ουσα
269 2833 316 2908 είς
343 2826 466 2912 ἑαυτὴν
495 2824 618 2913 ὁμοίως
639 2831 685 2917 τῷ
709 2824 819 2918 κύκλῳ
843 2825 959 2895 διὰτὸ
984 2826 1022 2894 τὸ
1046 2830 1172 2915 τέμνον

156 2934 314 3002 ἐπίπεδον
350 2938 547 3019 συμπίπτειν
580 2929 784 3021 άμῳοτέραις
815 2947 887 3014 ταῖς
919 2940 1079 3018 πλευραῖς
1109 2941 1172 3005 τοῦ

104 3059 140 3109 ει
159 3039 326 3124 τριγώνου
350 3036 410 3106 ούκ
434 3043 503 3106 ἔστι
525 3037 659 3119 κύκλος·
682 3038 827 3119 κύκλους
848 3039 912 3125 γὰρ
936 3041 1075 3107 ἐποίουν
1095 3039 1118 3128 ἥ
1137 3070 1172 3112 τε

152 3139 339 3211 ὑπεναντία
361 3143 446 3228 τομὴ
470 3145 526 3211 καὶ
549 3143 570 3231 ἡ
593 3147 817 3231 παράλληλος·
840 3145 897 3213 καὶ
915 3149 969 3213 δεῖ
985 3147 1171 3235 ἐπιστῆσαι,

155 3242 203 3313 ὅτι
238 3244 259 3331 ἡ
292 3246 470 3333 διάμετρος
501 3253 560 3336 τῆς
591 3255 693 3338 τομῆς
723 3251 775 3320 ἐπὶ
803 3250 865 3338 μέν
894 3256 952 3338 τῆς
980 3257 1176 3342 παραβολῆς

227 3446 252 3496 δ.
272 3440 421 3515 τέσσαρας]
442 3458 510 3500 corr.
531 3463 565 3500 ex
583 3444 716 3515 τέσσαρες
733 3464 770 3501 m.
790 3451 806 3501 2
827 3445 872 3500 W.
964 3450 988 3500 λ
1017 3446 1057 3518 Γ]
1078 3449 1174 3516 τρίτου

155 3512 227 3584 Wp,
254 3529 323 3570 corr.
343 3514 450 3571 Comm.
548 3523 571 3571 τ.
596 3517 727 3589 πρῶτον]
747 3514 779 3571 α’
799 3535 818 3586 p
841 3518 872 3571 ετ
893 3515 1027 3572 similiter
1050 3520 1173 3590 saepius.
