2444 3892
123 126 188 189 124
515 126 743 179 FRAGMENTA.

188 269 240 334 35.
274 269 405 354 Pappus
428 269 461 334 in
484 269 587 334 Elem.
605 267 637 332 X
659 290 690 352 p.
710 267 789 334 701:

188 374 251 440 Les
274 374 513 440 irrationnelles
538 395 582 440 se
596 374 737 439 diviserit
758 374 1008 458 premierement
1028 397 1069 439 en
1087 376 1137 440 in-

122 481 311 565 ordonnees,
329 480 524 546 dest-adire
543 481 639 547 celles
658 480 713 565 qui
731 480 883 544 tiennent
901 481 940 544 de
954 482 987 546 la
1000 482 1138 546 matiere

122 587 217 672 qu’on
242 586 371 670 appelle
395 585 606 670 corruptible,
629 589 662 650 et
684 586 740 670 qui
764 584 943 650 s'etendent
966 589 985 649 a
1008 585 1138 670 l'infini3

122 699 163 776 et,
188 692 431 776 secondement,
460 714 500 756 en
524 691 720 776 ordonnees,
747 692 802 775 qui
829 691 972 756 forment
998 692 1029 756 le
1052 693 1138 776 sujet

120 799 236 864 limite.
257 798 350 862 d'une
383 799 526 882 science,
563 802 596 863 et
628 799 683 882 qni
718 800 793 863 sont
825 819 888 886 aux
920 797 1137 864 inordonne'es

121 926 245 971 comme
282 905 329 968 les
361 904 572 968 rationnelles
610 909 685 970 sont
718 927 781 968 aux
813 903 1051 968 irrationnelles
1085 925 1138 968 or-

122 1010 273 1076 donnees.
307 1008 352 1074 Or
366 1008 502 1074 Euclide
522 1009 671 1092 s’occupa
690 1010 869 1074 seulement
887 1009 942 1074 des
957 1009 1137 1075 ordonnees

121 1117 176 1200 qui
200 1119 275 1180 sont
297 1115 495 1198 homogenes
522 1137 584 1179 aux
606 1115 831 1197 rationnelles‚
859 1118 892 1181 ot
920 1115 975 1199 qui
1003 1137 1045 1180 ne
1069 1115 1137 1179 s'en

122 1221 290 1306 eloignent
321 1242 380 1305 pas
414 1220 740 1304 considerablement3
780 1220 906 1285 ensuite
937 1220 1138 1304 Apollonius

121 1329 269 1411 s'occupa
288 1326 343 1391 des
362 1324 588 1410 inordonne'es,
607 1329 697 1391 entre
712 1326 882 1410 lesquelles
902 1328 935 1391 et
953 1327 1000 1391 les
1015 1329 1136 1394 ration·

122 1433 224 1498 nelles
248 1433 283 1497 la
306 1431 450 1495 distance
474 1435 524 1495 est
546 1432 756 1517 tres-grande.

510 1619 749 1691 Ώκντόκιον.

188 1748 239 1812 36.
262 1747 420 1814 Eutocius
448 1749 483 1814 in
511 1748 714 1815 Archimedis
743 1750 878 1816 dimens.
900 1751 1011 1816 circuli
1032 1749 1083 1815 ΠΙ
1104 1774 1136 1836 p.

120 1853 198 1937 300,
224 1855 265 1920 16
276 1876 337 1938 sq.:

182 1957 307 2025 Ἰστέον
331 1958 379 2043 δέ,
403 1955 455 2026 ὅτι
478 1959 533 2026 καὶ
550 1956 772 2039 Ἀπολλώνιος
795 1955 813 2027 ὁ
833 1967 1000 2046 Περγαῖος
1023 1962 1061 2028 ἐν
1083 1971 1136 2052 τῷ

117 2061 330 2153 Ὠκντοκίῳ
355 2064 528 2145 ἀπέδειξεν
552 2063 634 2134 αὐτὸ
660 2069 833 2150 [rationem
858 2068 999 2134 ambitus
1023 2069 1136 2135 circuli

120 2172 161 2237 ad
184 2173 393 2254 diametrum]
424 2169 469 2238 δι’
495 2168 653 2259 ἀριθμῶν
683 2173 805 2259 ἑτέρων
833 2172 886 2239 ἐπὶ
911 2169 948 2239 τὸ
971 2172 1136 2258 σύνεγγυς
1200 2160 1202 2165 ’

119 2282 247 2362 μᾶλλον
271 2273 418 2363 ἀγαγών.

186 2421 239 2485 37.
266 2418 431 2507 Pappus¹)
455 2420 498 2504 Π,
522 2422 565 2488 22
588 2444 619 2506 p.
638 2423 691 2507 24,
713 2422 827 2507 25sq.:

188 2524 319 2592 Φατέον
343 2515 490 2592 οὖντὸν
514 2525 546 2605 ἐξ
571 2522 675 2612 ἀρχῆς
699 2530 813 2612 στίχον

222 2627 413 2717 Ἀρτέμιδος
435 2637 540 2699 statvs
562 2630 685 2718 κράτος
707 2632 825 2718 ἔξοχον
848 2631 946 2699 ἐννέα
968 2636 1089 2720 κοῦραι

119 2738 478 2804 πολλαπλασιασθέντα
507 2734 552 2803 δι’
578 2735 735 2823 ἀλλήλων
765 2736 935 2805 δύνασθαι
958 2738 1136 2826 μυριάδων

977 2833 1041 2842 -ι

118 2846 249 2927 πλῆθος
277 2847 586 2930 νρισκαιδεκαπλῶν
614 2849 693 2931 ρῙς,
726 2847 952 2912 dedecorator
977 2851 1050 2932 τξη,
1082 2844 1133 2912 ἕν·

192 3040 218 3108 1)
237 3038 306 3092 Cum
325 3037 361 3091 ab
379 3037 503 3108 imagine
519 3040 610 3108 operis
623 3038 812 3110 Apolloniani,
831 3039 906 3109 quod
921 3058 938 3097 a
952 3041 1049 3126 Pappo
1064 3039 1134 3096 cita·

117 3109 173 3176 tur,
192 3109 303 3179 qualem
323 3109 417 3165 animo
437 3110 566 3180 concepi,
586 3111 760 3181 computatio
780 3112 817 3166 ab
835 3111 954 3168 Eutocio
973 3113 1135 3182 significata

117 3179 232 3234 minime
251 3181 413 3248 abhorreat,
438 3181 527 3235 malui
550 3181 620 3237 haec
638 3183 799 3252 fragmenta
818 3181 870 3236 sub
889 3199 944 3239 uno
962 3182 1048 3240 titulo
1067 3199 1132 3237 con-

119 3248 236 3318 iungere
254 3268 339 3320 quam
358 3256 468 3322 putare,
486 3251 669 3321 Apollonium
682 3252 848 3309 methodum
867 3270 984 3325 magnos
1002 3269 1134 3310 numeros

119 3323 298 3388 computandi
318 3323 348 3377 in
367 3323 477 3379 duobus
496 3324 627 3392 operibus
646 3324 815 3394 exposuisse.

119 3459 126 3472 Ο
188 3390 211 3443 Ε
231 3393 331 3462 fragm.
347 3399 381 3450 37
401 3396 527 3465 adparet,
545 3395 728 3466 Apollonium
746 3393 828 3449 initio
848 3396 949 3466 operis,
968 3395 1029 3452 sius
1047 3395 1135 3452 dubio

117 3478 146 3515 m
165 3463 356 3532 praefatione,
379 3465 490 3521 iocandi
514 3482 597 3521 causa
619 3483 731 3524 uersum
754 3464 836 3520 illum
854 3466 1036 3537 proposuisse
1055 3467 1084 3522 et
1102 3467 1137 3520 ut
