2444 3892
131 167 177 231 54
531 166 699 222 mmm
717 161 758 224 θ’.

130 304 195 376 ἀπὸ
223 311 291 376 τῶν
314 315 362 394 Α,
385 315 414 374 Β
443 306 670 394 ἐφαπτόμεναι
698 310 965 395 συμπεσοῦνται·
994 307 1163 396 παράλλη·

130 421 184 481 λοι
212 412 279 498 ἄρα
303 418 405 500 εέσίν,
432 414 489 481 καὶ
515 411 572 482 διὰ
593 416 694 482 τοῦτο
718 411 896 502 διάμετρός
919 415 1019 483 ἐστιν
1045 411 1070 503 ἡ
1093 422 1160 484 ΑΒ

130 516 214 588 ὥστε
237 521 293 587 διὰ
317 524 379 589 τοῦ
401 521 543 609 κέντρου
566 525 690 590 πίπτει·
714 517 795 608 ὅπερ
819 523 889 590 ἔδει
912 522 1041 602 δεῖξαι.

611 714 670 783 λε’.

93 853 109 902 5
196 838 323 908 Κοίνου
349 837 433 927 τομὴ
462 835 483 926 ἢ
511 838 638 908 κύκλου
665 840 860 928 περιφέρεια
882 841 1003 909 κωύου
1028 837 1154 931 τομῇῆ

128 944 255 1014 κύκλον
287 951 480 1036 περιφερείᾳ
512 945 557 1033 μὴ
590 946 644 1013 ἐπὶ
675 944 716 1016 τὰ
750 943 834 1016 αὐτὰ
863 948 949 1034 μέρη
977 945 1025 1015 τὰ
1054 945 1154 1036 κυρτὰ

129 1055 251 1138 ἐχουσα
284 1049 326 1121 οὐ
356 1065 569 1140 συμπεσεῖται
597 1049 680 1120 κατὰ
708 1056 848 1121 πλείονα
876 1065 1002 1140 σημεία
1030 1049 1055 1142 ἢ
1087 1052 1153 1123 δύο.

196 1163 227 1226 εί
248 1156 312 1248 γὰρ
337 1158 496 1245 δυνατόν,
519 1157 633 1226 κοίνου
655 1157 740 1247 τομὴ
765 1155 785 1245 ἢ
808 1158 937 1228 κύκλου
955 1161 1152 1250 περιφέρεια

128 1262 148 1351 ἡ
169 1272 275 1333 ΑΒΓ
287 1269 398 1335 κώνου
415 1268 500 1354 τομῇ
520 1259 540 1351 ἢ
560 1263 686 1333 κύκλου
704 1268 899 1355 περιφερείᾳ
916 1268 959 1355 τῇ
976 1274 1013 1333 Α
1019 1275 1056 1334 Δ
1061 1275 1089 1335 Β
1095 1271 1156 1334 ΒΓ

76 1387 110 1436 10
129 1374 342 1459 συμβαλλέτω
374 1373 457 1439 κατὰ
489 1375 628 1439 πλείονα
661 1384 781 1458 σημεῖα
809 1367 831 1458 ἢ
861 1369 924 1439 δύο
953 1369 1002 1459 μὴ
1033 1374 1088 1441 ἐπὶ
1114 1369 1150 1440 τὰ

129 1474 213 1545 αὐτὰ
237 1479 319 1566 μέρη
343 1476 383 1544 τὰ
406 1478 511 1565 κυρτὰ
533 1474 658 1565 ’έχουσα
680 1476 720 1546 τοὶ
744 1487 792 1565 Α,
811 1485 855 1565 Β,
876 1483 911 1544 Γ.

195 1583 251 1650 καὶ
275 1583 344 1651 ἐπεὶ
368 1584 405 1649 ἐν
428 1585 468 1670 τῇ
486 1589 591 1650 ΑΒΓ
608 1587 742 1673 χραμμῇ
763 1591 914 1671 εἴληπται
932 1587 1013 1671 τρία
1033 1597 1148 1673 σημεῖα

127 1688 167 1758 τὰ
196 1697 242 1773 Α,
266 1695 310 1775 Β,
335 1695 367 1756 Γ
393 1689 449 1756 καὶ
483 1692 714 1778 ἐπεζευγμέναι
742 1694 780 1759 αί
804 1699 886 1777 ΑΒ,
908 1694 987 1777 ΒΓ,
1023 1697 1148 1779 χωνίοιν

128 1793 193 1884 ἄρα
221 1796 433 1883 περιέχουσιν
462 1797 515 1864 ἐπὶ
542 1793 583 1864 τὰ
613 1793 697 1866 αὐτὰ
722 1809 794 1878 τοῖς
816 1801 944 1877 κοίλοις
966 1799 1028 1884 τῆς
1050 1802 1152 1866 ΑΒΓ

76 1916 109 1965 15
128 1905 289 1990 γραμμῆς.
330 1899 386 1968 διὰ
408 1900 450 1970 τὰ
474 1900 559 1971 αὐτὰ
580 1903 622 1990 δὴ
641 1906 679 1970 αί
694 1906 800 1971 ΑΒΓ
811 1899 874 1989 τὴν
893 1897 1002 1988 αὐτὴν
1021 1908 1147 1989 γωνίαν

128 2011 341 2098 περιέχουσιν
374 2008 427 2077 ἐπὶ
454 2011 494 2077 τὰ
523 2007 606 2077 αὐτὰ
634 2023 705 2089 τοῖς
732 2013 858 2088 κοίλοις
888 2012 947 2095 τῆς
974 2015 1149 2078 ΑΔΒΕΓ

127 2120 288 2203 γραμμῆς.
345 2118 382 2183 αί
416 2117 587 2203 εέρημέναι
624 2113 690 2203 ἄρα
722 2114 870 2202 γραμμαὶ
903 2113 956 2182 ἐπὶ
988 2113 1032 2183 τὰ
1063 2113 1144 2184 αὐτα

128 2223 210 2309 μέρη
239 2227 353 2308 έχουσι
379 2219 420 2290 τὰ
445 2228 541 2289 κοῖλα
568 2219 636 2308 ἅμα
662 2221 719 2288 καὶ
746 2222 786 2290 τὰ
814 2218 930 2309 κυρτοέ·
961 2219 1044 2311 ὅπερ
1067 2219 1144 2291 ἀθύ-

127 2353 242 2396 νατον.

74 2431 109 2481 νο
605 2415 668 2485 λς’.

191 2535 270 2607 ’Βάν
297 2538 410 2607 κου’νου
440 2537 524 2626 τομὴ
553 2537 573 2624 ἢ
600 2536 726 2606 κύκλου
753 2540 947 2627 περιφέρεια
976 2545 1143 2629 συμπίπτῃ

127 2650 187 2736 μιᾷ
210 2651 279 2714 τῶν
298 2643 537 2733 ἀντικειμένων
556 2641 637 2712 κατὰ
658 2643 721 2712 δύο
742 2658 872 2732 σημεῖα,
896 2644 952 2713 καὶ
971 2648 1008 2713 αί
1025 2646 1144 2734 μεταξὺ

127 2757 195 2820 τῶν
214 2751 440 2839 συμπτωσεων
463 2750 611 2838 γραμμαὶ
635 2750 688 2818 ἐπὶ
710 2750 751 2816 τὰ
775 2749 861 2818 αὐτὰ
883 2751 966 2839 μέρη
989 2750 1032 2820 τὰ
1050 2762 1144 2823 κοίλα

127 2863 242 2946 ἐχωσι,
265 2858 578 2946 προσεκβαλλομένη
605 2853 626 2942 ἡ
649 2858 783 2945 γραμμὴ
808 2859 891 2926 κατὰ
914 2855 973 2938 τὰς
995 2858 1145 2948 συμπτώ-

74 2980 109 3031 25
129 2984 197 3045 σεις
220 2963 263 3033 οὐ
285 2973 499 3052 συμπεσείται
522 2967 561 3053 τῇ
586 2963 681 3055 ἑτέρᾳ
703 2972 771 3031 τῶν
795 2961 1042 3052 ἀντικειμένων.

202 3166 244 3215 12.
273 3159 321 3214 καὶ
351 3153 414 3214 ἐπεὶ
437 3189 471 3199 -
495 3160 592 3230 ΑΒΓ]
621 3159 718 3214 addidi
746 3161 899 3229 praeeunte
928 3159 1143 3228 commandinm

128 3247 182 3285 om.
197 3231 236 3298 V;
256 3231 289 3300 τῇ
309 3230 420 3301 Halley.
510 3226 640 3298 εἰλήφθω
659 3230 770 3300 Halley.
862 3237 904 3286 13.
924 3227 1143 3302 ἐπεζεύχθωσαν

127 3300 239 3367 Halley.
273 3301 398 3370 phabet
416 3300 483 3355 inde
501 3318 519 3355 υ
537 3300 585 3356 lin.
606 3307 652 3356 11:
683 3301 786 3373 ἔχουσα
808 3301 841 3374 τῇ
865 3304 1011 3356 ΑΔΒΕΓ
1030 3305 1143 3376 χραμμῄ

128 3370 176 3426 καί
201 3367 419 3441 ἐπεζεύχθωσαν
442 3369 476 3426 αἰ
495 3377 559 3441 ΑΒ,
579 3377 638 3429 ΒΓ.
680 3373 730 3428 κοιλ
753 3368 817 3428 ἐπεὶ
839 3378 968 3443 χραμμῆς
990 3373 1040 3442 τῆς
1063 3379 1145 3430 ΑΒΓ

128 3444 258 3511 εέληπται
276 3445 340 3510 τρία
360 3449 462 3514 σημεῖα
481 3440 516 3498 τοὶ
535 3448 567 3510 Α,
581 3447 613 3513 Β,
629 3448 655 3497 Γ
670 3445 720 3499 καλ
740 3440 943 3515 ἐπεζευγμέναι
962 3441 1017 3498 είσέ
1035 3442 1070 3500 αλ
1085 3451 1142 3515 ΑΒ,

128 3518 188 3583 ΒΓ,
207 3531 314 3583 χωνιαν
329 3510 385 3584 ἄρα
402 3517 459 3569 κτλ,
524 3512 572 3586 αί]
587 3533 614 3584 p,
634 3530 687 3570 om.
698 3515 731 3570 V.
806 3521 848 3570 14.
867 3517 935 3586 τοῖς]
950 3531 1021 3585 cvp,
1041 3533 1056 3572 e
1071 3534 1142 3574 corr.
