2444 3892
166 153 210 217 22
563 151 730 206 mmm
748 147 787 206 δ’.

167 293 231 362 ἀπὸ
264 297 325 361 τοῦ
357 301 384 360 Β
421 292 511 382 παρὰ
543 292 605 380 τὴν
629 300 703 360 ΠΟ
739 290 885 380 ἀγομένη
920 291 995 379 ἥξει
1032 292 1093 361 διὰ
1125 296 1180 361 τῶν

167 407 209 484 K,
231 405 270 467 A.

233 508 265 572 εἰ
286 530 351 591 γαρ
375 503 435 590 μή,
463 501 537 589 ἦτοι
566 505 622 570 ὃιά
645 507 707 571 τοῦ
730 500 805 583 ἑνὸς
832 501 946 571 αὐτῶν
970 501 1178 591 έλεύσεταιῆ

167 609 212 678 δι’
235 607 423 697 οὐδετέρου.

132 726 147 773 ὃ
234 717 382 803 ἐρχέσθω
407 714 462 782 διὰ
486 714 594 802 μόνου
615 719 677 783 τοῦ
700 722 742 783 Κ.
788 719 878 783 ἔστιν
901 713 980 801 ἀρα,
1007 713 1055 796 ὡς
1081 715 1102 804 ἡ
1126 724 1177 784 ZA

165 847 250 909 προς
275 829 362 908 AH,
391 820 411 907 ἡ
436 829 503 888 ZX
521 820 603 906 πρὸς
625 828 710 888 ΧΗ·
741 818 822 908 ὅπερ
846 818 986 890 ἀτονον.
1037 821 1106 891 οὐκ
1127 822 1176 911 ἀμ

166 928 186 1016 ἡ
207 929 272 998 ἀπὸ
292 933 396 998 τοῦΒ
420 925 509 1013 παρὰ
528 925 590 1013 τὴν
605 935 674 994 110
692 927 839 1014 ἀγομένη
865 926 922 994 διὰ
941 926 1059 1014 μόνου
1080 935 1176 999 τοῦΚ

166 1035 348 1104 ἐλεύσεται·
373 1031 418 1100 δι’
440 1031 639 1119 ἀμφοτέρων
663 1031 737 1119 ἀρα.

647 1188 705 1258 ιδ’.

114 1329 147 1379 10
239 1323 313 1387 Τῶν
338 1315 449 1385 αὐτῶν
474 1313 583 1384 ὄντων
611 1317 671 1384 έάν
694 1313 731 1383 τὸ
756 1323 789 1383 A
812 1327 951 1401 σημεῖον
981 1316 1038 1384 ἐπὶ
1069 1306 1174 1404 μιᾶςῇ

165 1435 233 1494 τῶν
263 1421 505 1509 ἀσυμπτοέτων,
538 1422 594 1489 καὶ
623 1419 642 1508 ἡ
671 1421 732 1508 μὲν
756 1427 827 1487 AE
852 1422 955 1508 τέμνη
989 1419 1057 1508 τὴν
1085 1421 1174 1510 τομὴν

166 1529 249 1598 κατὰ
274 1528 337 1597 δύο
362 1540 497 1613 σημεῖα,
525 1525 546 1612 ἡ
575 1527 612 1595 δὲ
637 1534 714 1595 AH
736 1524 818 1594 κατὰ
847 1525 956 1613 μόνον
980 1525 1019 1595 τὸ
1048 1537 1090 1596 Η
1111 1554 1175 1614 πτη-

166 1634 309 1720 ἀλληλος
332 1625 417 1700 οὖσα
439 1635 480 1719 τῇ
499 1632 595 1722 ἑτέρᾳ
613 1636 681 1700 τῶν
700 1631 940 1720 ἀσυμπτάτων,
963 1633 1020 1701 καὶ
1041 1636 1175 1722 γένηται,

167 1737 212 1820 ὡς
235 1736 255 1826 ἡ
275 1746 346 1807 AE
365 1735 449 1827 πρὸς
470 1745 547 1824 ΛΘ,
571 1736 592 1825 ἡ
616 1745 685 1806 ΕΚ
705 1738 789 1828 πρὸς
811 1746 887 1824 ΚΘ,
910 1742 950 1827 τῇ
975 1738 1014 1807 δὲ
1034 1747 1116 1808 AH
1132 1749 1175 1825 ἴση

116 1868 149 1918 15
169 1845 218 1914 ἐπ’
246 1840 382 1924 εὐθείας
400 1847 492 1934 ’τεθῇ
520 1841 541 1931 ἡ
566 1851 652 1930 ΗΛ,
679 1841 700 1931 ἡ
729 1842 785 1912 διὰ
812 1846 882 1911 τάν
909 1851 957 1928 K,
977 1851 1009 1912 A
1040 1852 1176 1935 σημείων

166 1950 314 2039 ἀγομένη
338 1949 549 2039 παράλληλός
567 1979 601 2019 τε
625 1956 716 2019 ἔσται
739 1955 778 2039 τῇ
798 1948 1005 2042 ἀσυμπτοότμ
1031 1955 1089 2021 καὶ
1109 1975 1175 2041 συμ·

165 2072 312 2129 πεσεῖται
327 2063 367 2148 τῇ
379 2061 476 2145 τομῇ,
489 2059 545 2124 καὶ

38 2201 41 2207 ·
166 2162 187 2251 ἡ
214 2163 279 2232 ἀπὸ
308 2175 365 2250 τῆς
393 2165 546 2250 συμπτώ-

167 2289 250 2349 σεως
277 2270 329 2336 ἐπὶ
357 2268 394 2338 τὸ
426 2278 459 2337 A
488 2271 545 2357 ἐφ-

113 2398 148 2447 20
167 2375 286 2458 ἀψεται
309 2378 368 2461 τῆς
390 2387 503 2464 τομῆς.

235 2478 358 2568 ὁμοίως
397 2480 461 2572 γάρ
500 2485 545 2574 τῷ

166 2587 545 2680 προειρημένῳάγοιγών

166 2696 228 2783 τὴν
258 2703 330 2763 AB
361 2696 545 2781 ἐφαπτομέ-

166 2828 231 2890 νην
251 2802 347 2889 λέγω,
368 2798 420 2869 ὅτι
439 2797 460 2886 ἡ
478 2799 543 2868 ἀπὸ

113 2932 147 2981 25
166 2912 269 2976 τοῦΒ
289 2906 378 2994 παρὰ
399 2905 460 2994 τὴν
472 2914 545 2981 1ΠΟ

167 3012 389 3103 ἀσύμπτωτον
422 3011 569 3099 ἀγομένη
602 3010 673 3098 ἥξει
705 3013 762 3078 διὰ
795 3014 863 3078 τῶν
891 3017 934 3096 Κ,
960 3017 992 3076 A
1025 3019 1181 3099 σημείων.

234 3125 265 3188 εἰ
292 3113 357 3187 οὖν
386 3116 442 3185 διὰ
464 3129 525 3186 τοῦ
549 3126 584 3186 Κ
609 3116 719 3206 μόνον
740 3115 827 3204 ἥξει,
861 3113 923 3184 οὐκ
950 3120 1041 3184 ἔσται
1065 3115 1087 3206 ἡ
1115 3125 1183 3189 ΔΗ

167 3228 206 3313 τῇ
231 3233 302 3292 ΗΛ
326 3234 396 3312 ἴση·
431 3222 511 3314 ὅπερ
535 3221 672 3293 ἀτοτον.
723 3229 754 3292 εἰ
781 3225 819 3290 δὲ
844 3221 901 3291 διὰ
925 3226 985 3290 τοῦ
1009 3230 1040 3289 Λ
1064 3225 1183 3312 μόνον,

168 3327 229 3396 οὐκ
253 3336 357 3416 ἔσται,
380 3328 424 3411 ὡς
447 3329 467 3418 ἡ
492 3338 560 3398 ΕΛ
583 3329 666 3418 πρὸς
691 3336 767 3414 ΔΘ,
791 3327 811 3415 η
835 3335 904 3396 ΕΚ
924 3330 1008 3418 πρὸς
1032 3338 1111 3404 ΚΘ.
1156 3337 1186 3402 εἰ

240 3494 264 3542 6.
284 3486 355 3558 πρὸς
373 3492 448 3562 XH]
467 3510 495 3562 p,
514 3506 568 3547 om.
582 3490 616 3545 V.
691 3497 715 3548 ⁵1.
734 3489 776 3561 K]
796 3493 818 3542 B
838 3488 900 3559 Vp;
919 3505 988 3545 corr.
1003 3487 1118 3561 Halley.
