2444 3892
410 172 624 224 corucouun
641 175 752 227 nnrnu
769 176 815 229 1v.
1076 175 1120 240 23

107 314 300 398 contingens
325 314 460 380 ducatur
480 320 556 380 AB.
598 316 679 402 dico,
701 320 822 382 rectam
841 340 860 383 a
880 323 906 384 B
925 323 1031 386 rectae
1050 325 1090 384 H
1093 324 1122 383 0

106 419 296 503 parallelum
321 420 448 486 ductam
471 443 529 505 per
556 425 596 507 K,
612 426 642 486 A
665 423 785 488 cadere.

786 552 862 593 narn
882 532 1044 618 siminus,
1063 538 1120 598 aut

718 656 776 718 per
799 636 987 702 alterutrum
1008 660 1119 704 eorum

589 734 668 830 '„.-K
719 740 812 805 cadet
826 732 1119 825 autperneutrum.

584 830 586 834 ⁵
788 845 882 910 cadat
892 869 948 929 per
957 850 992 910 K
1004 850 1119 914 solum.

720 950 828 1035 itaque
854 949 1005 1035 [111,35]

721 1060 1121 1146 zA:AH=ZX:XH;

718 1163 804 1244 quod
846 1164 1023 1229 absurdum
1063 1174 1121 1231 est.

718 1289 794 1352 ergo
814 1274 903 1335 rectu
922 1294 941 1335 a
959 1274 988 1334 Β
1012 1275 1120 1337 rectae

717 1378 787 1437 ΠΟ
822 1376 981 1458 parallelo
1023 1377 1120 1443 ducta

718 1501 776 1563 per
822 1485 857 1545 K
900 1484 1006 1548 solum
1052 1506 1119 1550 non

101 1585 204 1650 cadet.
260 1605 336 1669 ergo
369 1607 427 1669 per
458 1590 629 1670 utrumque
661 1586 761 1650 cadet.

567 1779 654 1844 XIV.

169 1903 289 1967 Iisdem
316 1904 490 1987 positioni
518 1908 676 1987 punctum
703 1908 737 1965 A
763 1904 798 1966 in
827 1906 983 1969 alterutra
1011 1929 1117 1990 asym-

100 2013 270 2094 ptotarum
299 2009 444 2092 positum
473 2012 537 2090 est,
570 2010 603 2070 et
631 2011 701 2070 An
727 2006 904 2071 sectionem
931 2008 965 2071 in
993 2007 1118 2074 duobus

100 2113 230 2199 punctis
255 2117 356 2194 secat,
380 2117 458 2177 AH
478 2115 586 2176 autem
610 2111 706 2175 alteri
730 2114 989 2195 asymptotarum
1013 2115 1118 2195 paral-

99 2221 165 2285 lcla
187 2220 222 2284 in
247 2223 284 2282 H
304 2221 387 2304 solo,
411 2222 444 2283 et
468 2220 505 2282 fit
527 2221 596 2281 ΕΚ
608 2241 615 2282 :
631 2221 664 2281 K
670 2221 698 2280 Θ
713 2247 755 2270 =
769 2221 839 2281 ΛΕ
852 2241 860 2281 :
875 2221 950 2302 Ae,
972 2219 1118 2303 ponitur·

101 2348 164 2412 que
196 2327 231 2389 in
259 2329 333 2389 AH
361 2325 518 2409 producta
545 2327 617 2386 HA
636 2353 678 2376 =
700 2327 787 2408 AH,
818 2327 908 2389 recta
935 2347 993 2408 per
1021 2329 1067 2411 K,
1086 2331 1117 2390 A

100 2435 222 2516 puncta
245 2430 340 2496 ducta
364 2435 396 2495 et
419 2433 624 2514 asymptotae
647 2430 805 2513 parallelo
829 2431 890 2494 erit
909 2434 942 2495 et
961 2453 1033 2497 cunr
1053 2455 1118 2498 sec-

100 2539 192 2602 tione
226 2541 406 2616 concurret,
438 2540 591 2621 rectaque
619 2558 638 2599 a
665 2538 784 2619 puncto
813 2558 986 2603 concursus
1015 2538 1056 2604 ad
1084 2545 1118 2602 A

101 2643 199 2709 ductu
223 2644 399 2708 sectionem
423 2642 600 2726 continget.

168 2771 245 2814 nam
269 2749 381 2813 eodem
405 2748 515 2831 modo,
543 2770 606 2832 quo
631 2748 665 2812 in
688 2749 906 2835 praecedenti,
930 2750 1025 2815 ducta
1049 2755 1116 2818 AB

100 2855 307 2940 contingenti
339 2854 423 2939 dico,
455 2857 577 2919 rectam
605 2878 624 2918 c
651 2858 680 2918 Β
713 2859 918 2940 asymptotao
947 2860 1016 2919 ΠΟ
1043 2878 1117 2939 par-

100 2962 233 3026 allelam
257 2961 386 3026 ductam
409 2981 466 3044 per
489 2963 609 3043 puncta
632 2964 678 3046 K,
692 2964 723 3024 A
747 2961 868 3026 cadere.

169 3068 198 3131 si
220 3067 321 3151 igitur
345 3088 404 3151 per
426 3070 461 3129 K
483 3066 588 3131 solum
613 3065 707 3150 cadit,
729 3087 796 3131 non
820 3065 882 3129 erit
903 3068 981 3128 AH
992 3096 1032 3119 =
1047 3068 1118 3131 HA

100 3171 175 3258 [IIL
199 3172 271 3256 34];
297 3171 383 3256 quod
407 3170 583 3235 absurdum
607 3175 664 3235 est.
702 3172 752 3235 sin
771 3192 829 3254 per
847 3174 878 3233 A
898 3170 1004 3235 solum
1023 3173 1118 3258 cadit,

98 3301 167 3345 non
194 3279 257 3343 erit
279 3281 347 3342 EA
361 3301 368 3343 :
383 3280 450 3341 An
466 3306 507 3330 =
522 3280 591 3340 ΕΚ
604 3300 612 3343 :
628 3280 693 3342 ΚΘ
716 3275 792 3359 [HL
821 3275 889 3356 35].
937 3276 987 3342 sin
1014 3300 1117 3364 neque

100 3407 159 3470 per
178 3388 213 3448 K
228 3406 332 3469 neque
351 3405 409 3467 per
427 3387 459 3446 A
478 3382 574 3467 cadit,
594 3384 766 3468 utrobique
786 3382 962 3447 absurdum
982 3387 1117 3451 eueniet.

101 3512 180 3577 ergo
204 3513 263 3575 per
285 3494 458 3575 utrumque
482 3488 603 3566 cadet,
