2444 3892
136 154 202 210 vni
369 196 374 203 .
407 136 419 157 ⁸
545 122 780 207 1001030010]

140 301 215 384 272,
231 301 265 384 6,
290 300 364 384 352,
378 297 446 384 24).
484 301 533 363 031
551 299 660 381 etiam,
682 297 739 362 ubi
758 318 900 362 errorem
924 297 1056 362 subesse
1079 319 1154 380 per-

140 406 290 491 spexerit,
314 406 369 470 sed
388 406 538 470 lacunam
557 405 735 490 reliquerit,
754 404 831 488 quia
849 404 883 468 in
898 424 935 468 eo
951 403 1155 469 emendando

138 534 253 596 parum
280 511 344 577 sibi
374 511 549 577 confideret
576 508 626 596 (ΙΙ
652 534 682 595 p.
702 512 777 593 244,
803 511 852 595 10,
878 511 933 594 13,
966 509 1041 592 248,
1065 510 1094 594 6,
1119 511 1156 594 9,

139 619 214 702 322,
239 620 293 702 13,
323 618 378 684 cfr.
401 641 430 702 p.
452 619 525 703 182,
548 616 620 704 25),
651 617 686 680 ΙΙ
709 641 739 701 p.
758 618 833 701 296,
857 617 877 681 6
901 617 931 680 01
954 615 1088 699 adcidit,
1117 621 1156 681 ut

138 747 198 809 pro
222 747 299 790 uera
323 726 483 809 scriptura
505 719 647 809 ἡμέραν,
676 746 773 810 quam
800 745 867 789 non
890 722 1062 795 intellexit,
1090 717 1155 806 ἡμε

141 835 295 917 sequente
314 833 431 897 lacuna
449 835 594 915 poneret.
630 831 711 896 locis
730 852 797 895 non
814 830 927 915 paucis
942 828 1155 913 interpolatio

140 938 317 1004 manifesta
349 942 412 1022 est,
445 959 519 1002 cum
551 941 609 1003 aut
640 958 782 1002 errrores
815 939 901 1002 recte
935 935 1155 1020 deprehensos

140 1045 226 1109 male
241 1046 376 1130 corrigit
395 1043 444 1132 (ΙΙ
457 1067 485 1128 p.
498 1044 572 1129 200,
586 1043 645 1127 25,
662 1045 738 1127 202,
750 1045 807 1129 21,
826 1043 902 1127 242,
917 1043 951 1126 5,
971 1043 1046 1126 270,
1057 1044 1086 1126 7,
1099 1043 1155 1129 10,

141 1151 215 1234 rec,
234 1152 291 1234 04,
315 1152 466 1235 30313,
491 1150 566 1232 304,
587 1152 615 1233 1,
631 1150 665 1235 3,
688 1150 763 1232 300,
781 1151 814 1233 73
838 1125 913 1230 303,
927 1150 984 1233 00,
1007 1150 1081 1231 aas,
1098 1136 1155 1235 13}

142 1258 218 1341 338,
240 1258 293 1340 14,
318 1256 468 1339 342,15,
492 1256 567 1339 352,
585 1254 620 1341 5)
650 1259 707 1320 301
733 1257 926 1340 scripturam
950 1257 1070 1321 bonam
1096 1278 1156 1321 300

141 1363 277 1428 arbitrio
296 1366 403 1428 mutat
423 1361 471 1445 (II
486 1385 516 1446 p.
535 1360 678 1449 168,12,
700 1363 772 1446 176,
787 1363 844 1448 24,
865 1363 940 1445 236,
955 1364 988 1448 3,
1008 1362 1083 1444 294,
1098 1361 1158 1446 23,

143 1469 218 1552 310,
232 1469 268 1552 2,
292 1467 505 1553 0101100111
523 1493 553 1552 p.
569 1469 679 1552 274,3
702 1467 889 1553 νεναμένην
912 1469 946 1532 10
969 1466 1157 1552 γενομένην

142 1573 288 1659 corrigit,
307 1578 340 1639 et
360 1575 445 1658 quod
463 1575 497 1639 in
515 1576 615 1640 uerbo
636 1568 778 1658 εὑρίσκω
799 1597 927 1660 semper
945 1574 1067 1641 formas
1086 1577 1157 1640 sine

142 1683 316 1763 augmento
331 1680 482 1765 praefert,
496 1680 569 1746 u.II
583 1704 613 1765 p.
624 1682 700 1764 292,
716 1682 771 1768 19,
794 1683 869 1766 294,
884 1683 913 1765 8,
928 1682 984 1763 23,
1007 1683 1081 1766 330,
1098 1683 1157 1765 12,

142 1785 217 1870 332,
244 1783 308 1872 12).
355 1785 388 1850 lI
415 1811 445 1872 p.
472 1788 545 1871 194,
568 1788 625 1872 26,
654 1788 728 1864 260,
754 1791 787 1873 1,
814 1789 889 1872 274,
912 1788 934 1854 5
962 1811 1035 1854 cum
1059 1811 1157 1855 manu

142 1893 263 1958 recenti
288 1893 407 1959 codicis
431 1893 475 1958 W
499 1894 674 1979 conspirat.

34 2020 161 2070 adparatus
210 1999 260 2065 Ex
282 2001 334 2066 his
358 2001 508 2066 omnibus
533 1998 902 2086 300011001011010010
926 2001 1049 2067 edendo
1073 2002 1159 2066 codi-

143 2126 212 2170 cem
237 2106 282 2171 W
305 2109 411 2172 solum
434 2110 599 2172 auctorem
622 2107 809 2173 habendum
832 2129 911 2173 0330.
952 2110 1062 2191 itaquo
1086 2109 1157 2174 eius

136 2213 377 2296 'discrepantias
398 2235 509 2279 omnes
528 2213 563 2277 in
582 2214 740 2297 adparatu
760 2214 871 2279 critico
891 2214 971 2279 dedi.
1007 2214 1064 2278 sed
1083 2235 1158 2279 eum

143 2342 165 2402 p
189 2321 241 2383 tot
265 2319 466 2385 coniecturas
490 2320 609 2403 probas
633 2320 762 2405 habeat,
785 2321 853 2385 eius
873 2343 1000 2404 quoque
1019 2321 1158 2405 seriptu-

142 2447 213 2488 ram
237 2425 366 2510 plenam
390 2427 505 2511 recepi,
527 2426 591 2490 nisi
616 2426 700 2510 quod
726 2426 764 2490 de
787 2427 902 2492 formis
926 2426 1046 2492 100101
1066 2426 1160 2493 ἐστίν

145 2529 230 2596 nihil
255 2531 423 2615 01001301,
454 2553 493 2595 ex
517 2532 632 2597 ceteris
652 2533 816 2599 codicibus
840 2555 943 2619 pauca
966 2537 1094 2598 tantum
1120 2535 1160 2599 de

143 2638 234 2704 va
256 2638 379 2718 notaui,
401 2638 542 2723 reliquos
566 2661 699 2722 prorsus
722 2640 859 2724 neglexi.

210 2745 279 2816 lam
303 2745 342 2810 de
366 2765 483 2831 genere
506 2744 625 2810 codicis
644 2744 689 2809 W
712 2744 888 2810 uideamus.
925 2747 1162 2812 commentaria

36 2868 135 2912 caesor
146 2849 277 2916 Eutocii
300 2851 334 2915 in
358 2872 395 2916 eo
420 2853 570 2934 excerpta
593 2873 663 2916 esse
691 2872 707 2916 0
731 2851 840 2918 codice
863 2851 1074 2939 Gonicomm,
1101 2854 1161 2918 ubi

143 2957 178 3020 in
201 2959 350 3042 margine
374 2957 539 3041 adscripta
558 2961 661 3044 erant,
684 2957 767 3024 31001
785 2959 826 3023 ab
845 2958 940 3024 initio
960 2958 1001 3024 ab
1017 2957 1160 3026 11010010

145 3061 331 3129 ordinatum
345 3064 460 3147 fuerat,
474 3064 560 3130 infra
570 3085 741 3149 exponam3
756 3065 920 3150 margines
930 3065 1027 3130 huius
1039 3066 1161 3132 codicis

127 3168 268 3241 ‚laceros
292 3168 407 3255 fuisse,
436 3172 495 3236 sub
524 3171 620 3236 finem
644 3171 797 3255 maxime,
825 3172 1001 3238 ostendunt
1023 3173 1160 3238 lacunae

143 3273 305 3358 plurimae
329 3277 369 3341 ab
393 3277 465 3361 ipso
490 3277 624 3352 librario
648 3278 860 3363 significatae.

212 3385 380 3465 praeterea
408 3405 481 3448 eum
509 3383 627 3449 litteris
656 3385 842 3450 uncialibus
871 3385 1027 3468 scriptum
1050 3384 1163 3466 fuisse,

145 3487 282 3572 adparet
301 3509 339 3551 ex
358 3490 531 3575 erroribus,
555 3491 665 3572 quales
685 3497 761 3565 sunt
779 3489 812 3555 11
825 3514 856 3575 p.
874 3492 946 3572 174,
959 3491 1002 3556 23
1021 3490 1162 3557 ΠΛΕΟΝ
