2444 3892
111 160 187 216 LXX
479 160 757 214 PROLEGOMENA.

165 290 199 306 Ν

110 334 154 419 3⁰⁹
168 309 201 400 ill
216 329 249 418 β’
258 341 338 406 ἔτους
352 346 411 412 'ggii
428 345 630 414 (h.e.1499).*)
658 360 721 398 cum
739 341 1019 412 interpolationibus
1033 347 1129 404 codicis

110 443 130 495 p
154 426 219 494 apte
241 423 361 478 conferri
383 426 490 495 potest,
514 423 588 493 quod
616 423 645 476 in
668 419 1018 481 codicibus'Coislinianis
1040 433 1089 483 172
1106 430 1130 483 el

113 509 163 560 173
183 503 288 558 saeculi
306 502 379 571 XIV,
400 502 466 558 olim
485 503 593 557 Laurea
613 503 641 557 S.
655 500 804 557 Athanasii
822 500 853 556 in
871 506 977 560 monte
995 505 1083 578 Atho,
1100 508 1128 562 de

111 582 271 651 Nicephoro
291 580 416 652 Gregora
434 581 538 637 dicitur
551 581 744 653 (Montlaucon
758 579 831 636 Bibl.
845 580 933 638 Ooisl.
956 603 988 655 p.
1004 591 1057 641 227
1073 588 1129 657 sq.):

111 663 160 717 καλ
178 660 210 716 τὸ
229 659 321 732 παρὸν
341 663 447 735 βιβλίον
467 658 691 731 διωρθώσατο
711 660 760 716 καὶ
779 656 968 731 ἀνεπλήρωσε
984 666 1037 721 καὶ
1050 662 1129 737 ἡρμή·

111 759 212 796 νεῦσον
232 736 247 796 ὁ
266 739 422 810 φιλόσοφος
440 737 611 810 Νικηφόρος
626 741 784 811 Γρημσρᾶρ·
804 734 892 811 ὁγὰρ
905 740 1024 814 μακρὸς
1038 741 1130 817 χρόνον

113 818 230 890 φαύλων
257 819 392 891 γραφέων
415 819 508 891 χερσὶν
533 819 574 882 εἰς
597 816 735 889 διαδοχὴν
757 824 806 889 τῆς
830 821 928 894 βίβλον
955 820 1129 896 χρησάμενα

112 896 147 954 τοὶ
167 900 219 969 μὲν
239 897 270 955 ἔτι
289 902 339 955 τοῦ
353 897 499 970 οἳσφοιλοῦς
513 897 554 962 εἰς
568 897 711 969 σφαλερὸν
725 897 891 969 μετήνεγκε,
909 898 948 956 τὰ
965 899 998 957 δ’
1014 901 1130 975 ἀμαθοῦς

113 975 256 1049 διακόψας
276 977 307 1035 ἔτι
327 980 413 1050 μέσον
432 981 599 1049 πεποίηκεν,
619 973 656 1041 ὡς
675 974 797 1047 ἐργῶδες
815 975 960 1034 ἐντεῦθεν
982 979 1130 1047 εἶναιτοῖς

113 1062 240 1130 μετιοῦσι
262 1058 416 1115 συνάπτειν
439 1054 489 1114 τὸν
507 1059 578 1114 νοῦν
597 1061 653 1114 κτλ.
690 1057 866 1128 Nicephorus
886 1058 1037 1130 Gregoras
1056 1063 1131 1119 disci·

113 1140 196 1209 pulns
211 1142 273 1194 erat
282 1139 423 1194 Theodori
432 1137 603 1192 Metochitae
614 1137 745 1209 (Niceph.
754 1137 837 1207 λλιος.
849 1137 916 1194 hist.
924 1138 999 1210 Bya.
1009 1140 1088 1214 VIII,
1096 1145 1131 1211 l);

113 1218 232 1273 tbrtasse
255 1218 344 1286 igitur
367 1216 517 1272 diortbosis
539 1217 643 1274 codicis
661 1237 680 1288 p
700 1220 750 1272 aut
768 1217 827 1272 eius
847 1219 891 1272 est
910 1222 965 1274 aut
985 1222 1088 1278 saltim
1104 1237 1130 1277 eo

114 1299 226 1353 auctore
243 1295 328 1351 facta.

6 1380 96 1423 Arabes
186 1378 254 1430 Posi
267 1376 410 1429 saeculum
424 1374 490 1430 XIV
504 1377 598 1430 studia
611 1376 814 1431 mathematica
823 1375 1053 1446 Byzantinorum
1066 1382 1132 1436 intre

114 1455 206 1524 prima
232 1453 314 1508 huius
339 1454 472 1509 scientiae
497 1455 637 1510 elementa
660 1458 809 1523 steterunt;
838 1455 873 1510 de
895 1455 1061 1525 Apollonio
1084 1477 1132 1515 non

114 1534 147 1586 fit
168 1531 283 1587 mentio.
321 1534 370 1586 sed
391 1534 448 1588 iam
472 1536 584 1589 saeculo
603 1535 628 1588 X
647 1534 751 1591 Gonioa
774 1534 834 1590 eius
853 1534 1002 1592 Arabibns
1024 1538 1131 1595 innotu-

115 1614 203 1680 erant,
223 1610 258 1663 de
278 1628 396 1680 quorum
415 1612 516 1667 studiis
534 1612 731 1682 Apollonianis
750 1631 765 1668 e
784 1613 982 1684 disputatione
997 1617 1131 1674 Lndonici

115 1689 191 1744 Nixii
211 1690 278 1758 (Das
301 1691 393 1746 finite
410 1691 490 1746 Buch
514 1692 562 1746 der
580 1690 686 1748 Conica
703 1693 751 1749 des
768 1692 935 1764 Apollonius
956 1713 1018 1752 von
1037 1699 1130 1769 Perge.

115 1768 228 1838 Lipsiae
248 1773 327 1839 1889)
350 1771 398 1826 hic
420 1787 512 1842 pauca
535 1772 691 1842 repetenda
713 1788 774 1828 esse
794 1772 874 1842 duxi3
899 1777 1018 1846 sumpta
1038 1779 1131 1832 sunte

115 1849 290 1918 praefatione
308 1850 429 1905 filiorum
449 1851 555 1920 Musae,
575 1869 630 1921 qno
649 1851 726 1906 fonte
746 1852 789 1906 usi
807 1856 874 1906 sunt
891 1856 921 1908 et
938 1853 1056 1912 Fibrist
1072 1857 1131 1927 (Ab

116 1929 299 1999 handlungen
317 1949 365 1984 zur
384 1932 550 1987 Geechichte
569 1932 619 1987 der
637 1930 826 1986 Mathematik
840 1931 878 1986 VI
892 1948 920 2000 p.
937 1937 984 2004 18)
1005 1939 1038 1991 et
1051 1935 1131 2006 Hadji

116 2008 215 2064 Chalfa
233 2009 269 2079 (V
284 2029 310 2079 p.
328 2016 378 2065 14⁷
393 2013 454 2080 sq.).
491 2010 602 2065 Ahmed
620 2011 708 2079 igitur
726 2012 755 2064 ct
774 2010 871 2065 Hasan
887 2010 940 2065 filii
954 2011 1059 2070 Musae
1078 2031 1130 2072 sae·

116 2090 178 2143 culo
198 2088 222 2142 X
240 2088 501 2158 interpretationem
515 2089 666 2144 Arabicam
680 2088 846 2144 Coniectum
865 2088 1019 2148 instituere
1041 2091 1131 2150 conati

116 2168 295 2236 corruptione
310 2168 438 2222 codicum
448 2166 616 2222 Graecorum
632 2169 668 2224 ab
681 2166 796 2238 incepto
811 2167 939 2223 deterriti
952 2175 1031 2239 sunt,
1048 2172 1130 2229 donec

115 2242 225 2297 Ahmed
253 2246 283 2299 in
308 2246 389 2314 Syria
408 2246 533 2302 codicem
554 2246 685 2302 editionis
703 2246 860 2315 Eutociim)
882 2247 1022 2304 librorum
1047 2250 1131 2306 1-1v

116 2324 215 2376 nactus
234 2325 286 2390 eet,
304 2340 386 2390 quem
402 2326 563 2380 emendanit
576 2327 605 2379 et
620 2327 655 2379 ab
670 2325 747 2380 Hilal
760 2326 810 2381 ibn
824 2324 872 2381 abi
885 2327 963 2381 Hilsl
979 2327 1131 2386 Emesseno

115 2399 356 2470 interpretandum
380 2404 501 2471 curauit3
526 2403 612 2458 etiam
635 2403 721 2459 libros
740 2405 864 2473 V—Vll,
892 2422 962 2473 quos
982 2423 1039 2478 ope
1058 2410 1131 2465 illius

117 2479 220 2534 codicis
238 2480 403 2551 intellegere
422 2484 448 2538 ei
467 2483 594 2552 contigit,
614 2483 672 2537 eius
691 2482 769 2539 iussu
785 2485 891 2539 Thabit
907 2485 956 2540 ibn
971 2485 1086 2543 Korrah
1101 2506 1131 2544 ex

117 2560 172 2614 alio
188 2560 345 2632 codioc·**)
356 2563 490 2618 Arabicos
504 2562 580 2617 fecit.
606 2562 682 2630 quod
695 2561 800 2617 Fihrist
814 2564 849 2618 de
864 2563 984 2619 seruatis
999 2569 1131 2636 quattuor

115 2640 352 2710 propositionibus
375 2642 441 2696 libri
464 2641 558 2697 octoni
581 2644 687 2709 narrat,
715 2641 933 2698 incertissimum
956 2647 1014 2713 estc
1042 2663 1130 2717 neque

117 2720 192 2774 enim
215 2722 245 2775 in
268 2721 442 2790 praelatione
465 2720 517 2775 illa
540 2723 774 2775 commemoratur
797 2724 835 2791 (n.
854 2721 953 2778 Niniue
972 2742 1002 2794 p.
1017 2726 1060 2795 o),
1083 2742 1130 2781 nec

117 2799 230 2855 omnino
257 2800 332 2869 apud
351 2799 457 2854 Arabes
481 2799 569 2855 ullum
593 2799 652 2855 eius
675 2799 717 2854 rei
740 2798 891 2870 uestigium
910 2805 1013 2860 exstat.
1050 2806 1131 2862 huius

116 2877 357 2947 interpretationis
382 2877 527 2934 autoribus
550 2877 615 2934 filiis
638 2878 736 2935 Musae
760 2881 852 2936 factae
876 2896 1028 2952 eorumque
1053 2901 1131 2956 prae·

206 3047 231 3115 *)
251 3047 324 3101 Casu
342 3045 429 3116 igitur
448 3046 565 3116 adcidit¹
591 3047 670 3102 utin
688 3066 707 3118 p
729 3047 806 3103 idem
826 3049 893 3104 ordo
913 3052 1131 3108 commentario·

117 3132 179 3169 rum
193 3117 305 3172 Eutocii
322 3116 524 3186 restitueretur,
543 3117 592 3189 qui
610 3117 646 3173 ab
665 3119 747 3174 initio
766 3118 821 3174 luit
839 3122 876 3189 (u.
892 3137 976 3190 snpra
993 3140 1022 3191 p.
1037 3122 1130 3193 LVII).

189 3185 231 3257 **)
251 3187 328 3254 Quae
346 3188 450 3242 Fihrist
468 3188 485 3243 l.
505 3205 528 3242 c.
553 3190 588 3244 de
607 3188 798 3259 discrepantia
815 3191 944 3245 codicum
964 3190 1131 3249 (lonicorum

117 3254 213 3322 habet,
232 3258 408 3327 apertissime
427 3275 461 3312 ex
480 3259 598 3315 Eutocio
616 3260 649 3315 ll
661 3278 688 3329 p.
706 3266 765 3326 176,
786 3265 817 3315 17
830 3279 870 3329 sq.
889 3260 984 3329 petita
1003 3268 1079 3320 sunt.

174 3325 232 3394 ***)
251 3328 328 3393 Quae
346 3330 376 3383 in
394 3328 567 3399 praelatione
586 3330 724 3397 dicuntur,
744 3328 832 3385 libros
846 3331 934 3387 l—IV
953 3350 988 3387 ex
1007 3335 1131 3391 editione

118 3394 239 3464 antonii,
254 3402 361 3455 ceteros
376 3417 409 3455 ex
422 3401 584 3456 recensione
594 3400 737 3471 Apollonii
747 3400 897 3457 translatos
908 3418 967 3458 esse
982 3403 1049 3473 (Nix
1059 3425 1087 3476 p.
1096 3408 1131 3477 4),

119 3465 296 3537 confirmant,
314 3470 463 3526 Eutocium
482 3473 557 3527 solos
575 3471 663 3526 libros
683 3471 816 3540 quattuor
836 3472 964 3529 edidisse.
