2444 3892
128 157 191 223 186
407 156 671 210 COMMENTARIA
687 156 855 220 Αωνιουε.

193 301 354 387 μέμφεται
388 297 426 366 δὲ
458 299 531 385 ἑξῆς
562 309 608 390 τῷ
643 293 809 386 Εάκλείδη
843 294 924 384 οὐχ,
960 293 1007 376 ώς
1042 304 1151 366 οίεται

126 405 269 485 Πάππος
296 405 352 472 καὶ
381 407 490 491 ἕτεροί
513 431 617 489 τινες,
646 401 702 472 διά
730 402 768 472 τὸ
797 401 841 491 μὴ
870 401 1054 489 εὑρηκέναι
1085 407 1149 474 δύο

126 515 227 602 μέσας
251 510 435 598 άνάλογον·
461 508 479 580 ὅ
502 537 537 579 τε
562 510 625 598 γάρ
650 507 835 596 Εὐκλείδης
856 506 962 595 ὑγιώς
981 502 1064 600 εὗρε
1087 511 1150 598 τὴν

128 626 208 706 μίαν
233 622 338 706 μέσην
361 616 545 703 άυάλογον,
574 612 648 684 ἄλλ’
675 614 736 703 οὐχ
760 613 804 696 ὡς
827 612 927 695 αὐτός
950 636 1063 702 φησιν
1088 615 1151 686 οὐκ

90 739 106 788 ο
127 724 287 813 εὐτυχῶς,
315 725 371 793 καὶ
393 724 469 812 περὶ
491 726 559 790 τών
584 720 646 790 δύο
670 722 782 810 μέσων
806 719 886 790 οὐδὲ
910 719 996 801 ὅλως
1019 724 1150 810 ἐπεχεί-

129 852 210 922 ρησε
234 837 371 920 ζητῆσαι
394 835 431 900 ἐν
454 841 494 920 τῇ
518 828 732 917 στοιχειώσει,
757 826 859 907 αὐτὸς
882 825 901 896 ὅ
924 853 958 896 τε
979 826 1151 900 Ἀπολλώ-

129 967 201 1020 νιος
229 937 331 1007 οὐδὲν
359 938 434 1026 περὶ
461 941 529 1005 τών
558 936 621 1004 δύο
649 936 760 1021 μέσων
789 932 958 1020 ἀνάλογον
987 943 1151 1019 φαίνεται

127 1050 263 1133 ζητῆσαι
287 1047 323 1113 ἐν
346 1049 391 1136 τῳ
418 1050 517 1136 τρίτῳ
541 1049 675 1135 βιβλίῳ·
703 1039 792 1128 ἄλλ’,
819 1039 865 1122 ώς
887 1047 1012 1127 ἔοικεν,
1044 1045 1148 1136 ἑτέρῳ

129 1159 247 1244 βιβλίῳ
270 1152 347 1241 περὶ
366 1151 480 1220 τόπων
498 1152 716 1240 γεγραμμένῳ
735 1152 781 1241 τῷ
801 1146 965 1237 Εὐκλείδῃ
986 1150 1149 1237 ἐπισκήπ-

75 1271 107 1319 10
128 1287 192 1348 τει,
227 1258 307 1347 ὅπερ
336 1263 383 1338 είς
410 1256 496 1345 ἡμᾶς
525 1255 566 1325 οὐ
594 1259 738 1345 φέρεται.

184 1365 224 1434 τά
236 1365 273 1433 δέ
284 1367 400 1450 ἐφεξῆς
409 1366 483 1453 πἐρὶ
494 1368 555 1432 τοῦ
563 1363 722 1452 τετάρτου
731 1368 866 1449 βιβλίου
875 1360 1041 1448 λεγόμενα
1054 1375 1148 1453 σαφῆ

128 1475 228 1540 ἐστιν.
242 1472 280 1539 τὸ
290 1470 327 1538 δὲ
334 1472 483 1557 πέμπτον
491 1470 574 1556 φησὶ
581 1472 746 1558 περιέχειν
754 1467 794 1536 τά
802 1469 952 1557 περὶτών
960 1471 1148 1556 ἐλαχίστων

128 1578 183 1645 καὶ
202 1583 375 1665 μεγίστων.
406 1574 516 1664 ὥσπερ
536 1575 599 1663 γὰρ
624 1577 676 1643 ἐπὶ
690 1578 752 1643 τοῦ
769 1575 895 1644 κύκλου
914 1574 1091 1663 ἐμάθομεν
1111 1580 1147 1646 ἐν

124 1694 165 1771 τῇ
189 1682 404 1769 στοιχειώσει,
428 1680 480 1750 ὅτι
504 1686 572 1749 ἐστι
593 1707 625 1749 τι
645 1695 784 1768 σημεῖον
803 1682 907 1768 ἐκτός,
930 1678 991 1769 ἀφ’
1014 1673 1059 1750 οὗ
1077 1688 1146 1753 τών

75 1801 107 1849 15
126 1787 188 1874 μὲν
211 1792 293 1874 πρὸς
315 1789 378 1874 τὴν
403 1793 521 1874 κοίλην
544 1789 759 1874 περιφέρειαν
782 1793 1068 1876 προσπιπτουσῶν
1094 1817 1144 1879 με·

126 1899 224 1981 γίστη
248 1896 338 1962 ἐστὶν
361 1891 382 1982 ἡ
408 1893 464 1964 διὰ
486 1899 549 1963 τοῦ
569 1897 721 1984 κέντρου,
740 1899 809 1962 τών
828 1894 865 1963 δὲ
883 1898 966 1979 πρὸς
982 1895 1045 1982 τὴν
1065 1923 1144 1986 κυρ-

125 2001 189 2090 τὴν
222 2004 375 2090 ἐλαχίστη
409 2003 501 2072 ἐστὶν
533 2000 553 2090 ἡ
587 2001 708 2090 μεταξὺ
739 2004 801 2069 τοῦ
833 2006 973 2088 σημείου
1000 2002 1057 2070 καὶ
1087 2008 1145 2091 τῆς

128 2111 319 2198 διαμέτρου,
343 2108 449 2191 οὕτως
471 2111 527 2177 καὶ
547 2110 600 2178 ἐπὶ
620 2114 689 2178 τών
712 2113 773 2177 τοῦ
792 2107 905 2176 κώνου
923 2112 1036 2194 τομών
1058 2116 1144 2198 ζητεῖ

126 2220 163 2285 ἐν
185 2220 230 2307 τῷ
254 2218 388 2307 πέμπτῳ
413 2223 541 2308 βιβλίῳ.
577 2220 638 2284 τοῦ
658 2216 695 2284 δὲ
719 2217 816 2283 ἕκτου
838 2214 893 2283 καὶ
915 2214 1064 2301 ἑβδόμου
1089 2217 1143 2285 καὶ

74 2334 109 2382 20
130 2319 257 2409 ὀγδόου
290 2327 405 2410 σαφῶς
438 2319 458 2408 ἡ
490 2321 652 2408 πρόθεσις
681 2319 738 2389 ὑπ’
770 2320 876 2390 αὐτοῦ
903 2328 1041 2408 εἴρηται.
1088 2323 1143 2391 καὶ

126 2434 229 2496 ταῦτα
253 2429 315 2516 μὲν
338 2429 410 2515 περὶ
435 2438 494 2514 τῆς
517 2429 699 2514 ἐπιστολῆς.

189 2534 388 2624 Ἀρχόμευος
411 2533 448 2602 δὲ
470 2537 540 2602 τών
565 2531 655 2617 ὅρων
678 2533 812 2619 γένεσιν
830 2530 1019 2620 ὑπογράφει
1043 2561 1143 2604 κωνι-

125 2647 186 2730 κης
210 2645 419 2727 ἐπιφανείας,
444 2637 517 2707 ἀλλ’
544 2637 586 2707 οὐ
608 2638 669 2707 τὸν
691 2645 727 2706 τί
747 2645 816 2708 ἔστι
836 2640 1014 2729 διορισμὸν
1037 2665 1143 2730 παρα-

127 2750 286 2817 δέδωκεν·
314 2752 418 2830 ἐξεστι
446 2747 484 2814 δὲ
506 2760 577 2825 τοῖς
600 2748 819 2833 βουλομένοις
842 2750 878 2814 ἐκ
900 2751 959 2834 τῆς
981 2750 1144 2833 γενέσεως

73 2865 108 2913 25
128 2853 229 2941 αὐτῆς
254 2857 311 2921 τὸν
336 2852 418 2942 ὅρον
440 2852 632 2941 λαμβάνειν.
669 2857 707 2922 τὸ
732 2854 768 2922 δὲ
792 2853 974 2941 λεγόμενον
997 2851 1055 2922 ὑπ’
1083 2857 1143 2923 αύ-

125 2970 187 3027 τοῦ
212 2961 268 3026 διὰ
291 2969 508 3047 καταγραφῆς
530 2959 634 3046 σαφὲς
656 2959 854 3047 ποιήσομεν·

191 3063 259 3132 ἐάν
292 3060 361 3130 άπό
394 3093 503 3146 τινος
536 3073 703 3154 σημείου
731 3071 827 3153 πρὸς
856 3066 1007 3135 κύκλου
1034 3092 1142 3156 περι·

125 3173 290 3258 φέρειαν
314 3169 446 3237 καὶτὰ
470 3172 565 3258 ἑξῆς.
603 3179 686 3240 ἔστω
710 3176 831 3252 κύκλος
855 3169 873 3240 ὁ
897 3179 979 3259 ΑΒ,
1004 3163 1046 3241 οὗ
1069 3177 1141 3242 κέν-

127 3302 340 3309 —n-———

198 3375 221 3422 1.
242 3363 319 3439 ἑξῆς]
341 3364 368 3422 ἕ·
387 3369 416 3423 in
434 3385 488 3423 ras.
508 3374 622 3436 m.1p.
705 3373 730 3423 3.
749 3364 852 3437 δγειώς
870 3368 914 3423 W.
998 3359 1080 3435 εὗρεν
1095 3369 1141 3424 W.

161 3445 187 3492 5.
208 3437 386 3508 ἐπιχείρηοεν
409 3444 477 3496 mut.
497 3441 527 3494 in
551 3435 734 3525 ἐπεχείρησεν
757 3457 794 3493 m.
815 3445 828 3491 1
849 3438 894 3494 W.
986 3446 1010 3492 7.
1035 3438 1140 3512 μέσων]

126 3511 246 3580 σημείων
262 3509 330 3580 Wp,
346 3528 415 3567 corr.
432 3509 537 3565 Comm.
611 3517 635 3565 9.
651 3529 739 3565 τοπωι
752 3508 796 3564 W.
872 3515 913 3567 12.
933 3504 992 3564 ἐστι
1006 3528 1032 3579 p.
1098 3516 1141 3566 12.
