2444 3892
407 141 624 195 CONIOORUM
641 141 751 193 LIBER
769 142 816 194 IV.
1078 138 1119 202 71

168 286 225 348 aut
244 283 347 369 igitur
365 284 541 369 parallelae
560 287 636 349 sunt
655 286 795 349 autnon
812 284 994 368 parallelae.

167 389 259 474 prius
283 389 458 473 parallelae
483 389 559 473 sint,
582 392 616 453 et
633 389 708 474 AB,
721 392 791 453 ΔΕ
811 389 845 454 in
863 393 950 473 Η,Θ
972 390 1007 455 in
1025 390 1120 456 binas

100 499 211 581 partas
222 497 372 580 aequales
384 500 540 584 secentur,
552 495 750 580 duceturque
761 501 801 560 H
802 499 842 581 Θ;
859 518 896 562 ea
906 497 1007 583 igitur
1018 497 1119 562 omni·

100 625 156 668 um
171 603 352 669 sectionum
367 603 545 668 diametrus
556 608 615 686 est,
630 606 748 688 etna,
759 603 878 667 AEad
888 625 960 669 eam
971 604 1120 669 ordinate

99 709 215 775 ductae
243 711 320 774 sunt
349 707 408 793 [IL
431 709 499 790 36].
544 709 610 774 iam
641 731 660 774 a
685 711 716 773 Γ
738 711 846 774 rectae
869 713 933 774 AB
961 710 1121 794 parallela

102 815 238 881 ducatur
256 819 328 881 ΓΝ
329 814 404 899 ΞΟς
424 815 534 899 itaque
554 819 587 880 et
604 816 677 900 ipsa
697 815 737 880 ad
757 815 950 880 diametrum
970 815 1120 881 ordinate

100 923 200 987 dueta
223 922 286 987 erit
309 925 341 988 et
363 944 437 987 oum
460 922 660 987 sectionibus
679 921 715 986 in
734 921 797 986 alio
818 925 916 1004 atque
935 922 999 987 alio
1018 943 1119 1005 punc-

101 1032 136 1094 to
166 1030 345 1095 concurret.
390 1050 466 1093 nam
494 1028 522 1092 si
549 1028 585 1092 in
613 1028 726 1092 eodem
753 1027 930 1112 concurrit,
958 1049 1025 1093 non
1053 1028 1119 1092 iam

101 1135 137 1199 in
160 1135 263 1200 tribus
287 1133 416 1219 punctis
440 1137 646 1218 concurrunt,
671 1133 785 1199 sedin
808 1137 971 1219 quattuor.
1007 1134 1120 1218 itaque

101 1240 165 1305 erit
191 1239 219 1322 [Ι
243 1239 304 1305 def.
322 1241 357 1321 4]
382 1239 416 1304 in
441 1240 584 1305 sectione
608 1242 717 1303 ΑΜΒ

501 1357 574 1418 ΓΝ
584 1384 626 1407 =
641 1358 680 1421 N
682 1353 713 1427 Ξ

98 1471 135 1536 in
159 1470 301 1536 sectione
325 1474 428 1535 ΑΛΒ
453 1473 562 1534 autem
585 1472 657 1534 ΓΝ
668 1404 803 1537 ε,Νο.
849 1491 927 1556 ergo
951 1470 1051 1535 etiam

502 1578 574 1640 ΟΝ
585 1606 627 1628 ==
642 1579 679 1639 N
681 1574 721 1660 aa

100 1683 187 1768 quod
211 1682 281 1748 fieri
304 1704 372 1748 non
393 1684 511 1766 potest.

170 3365 236 3430 iam
259 3367 325 3429 AB
331 3413 340 3448 ‚
361 3367 430 3429 ΔΕ
451 3362 625 3447 parallelae
644 3383 685 3427 ne
709 3363 783 3446 sint,
808 3360 864 3426 sed
886 3360 1062 3445 productae
1084 3360 1120 3424 in

100 3475 136 3537 Π
167 3473 374 3555 concurrant,
409 3469 607 3552 duceturque
636 3470 699 3533 ΓΟ
725 3470 835 3534 rectae
862 3471 894 3531 A
901 3471 938 3532 11
962 3466 1122 3552 parallelo
