2444 3892
557 154 724 208 ΚΩΝΙΚΩΝ
742 148 780 208 δ’.

632 348 701 434 μεθ’.

220 484 298 556 Ἐὰν
327 485 495 576 ὑπερβολή
524 493 604 575 μίαν
634 491 701 556 τῶν
729 484 966 575 ἀντικειμένων
994 487 1083 559 κατὰ
1111 492 1172 558 τέσ·

157 615 249 683 σαμαΙ
267 609 386 682 σημεῖα
409 597 523 684 τέμνη,
547 591 568 681 ή
592 590 803 682 ἀντικειμένη
826 590 909 684 αὐτή
934 591 976 663 οὐ
1000 611 1171 684 συμπεσελ·

155 727 208 769 ται
231 705 271 790 τῇ
296 701 391 793 ἑτέρᾳ
414 705 482 770 τῶν
506 699 753 788 ἀντικειμένων.

120 825 136 874 5
224 813 372 876 ἔστωσαν
400 806 626 894 ἀντικείμεναι
654 809 692 874 αί
711 813 858 894 ΑΒΓΔ,
882 813 925 895 Β,
948 808 1006 876 καὶ
1029 812 1171 898 τεμνέτω

154 912 323 1003 ὑπερβολή
350 911 412 999 τήν
436 919 574 980 ΑΒΓΔ
596 913 679 981 κατὰ
700 914 843 1003 τέσσαρα
865 926 985 1000 σημεία
1009 914 1051 983 τὰ
1077 925 1120 1004 A,
1137 923 1171 1001 B,

154 1029 192 1109 Γ,
212 1031 256 1108 Δ,
279 1021 334 1089 καὶ
357 1019 442 1088 ἐ’στω
467 1016 569 1105 αὐτῆς
592 1017 802 1107 ἀντικειμένη
826 1016 846 1106 ή
869 1026 912 1089 Κ.
957 1021 1058 1110 λέγω,
1080 1020 1168 1109 ὅτιή

154 1135 189 1196 K
212 1125 253 1196 οὐ
277 1140 491 1214 συμπεσεῖται
513 1129 553 1214 τή
577 1133 614 1193 Β.

222 1238 253 1302 εί
274 1232 337 1322 γὰρ
362 1231 525 1319 δυνατόν,
552 1232 760 1319 συμπιπτέτω
783 1230 865 1300 κατὰ
887 1230 925 1301 τὸ
948 1239 999 1321 Κ,
1022 1235 1081 1303 καὶ
1105 1237 1167 1304 έπε-

103 1361 135 1408 10
156 1340 350 1428 ζεύχθωσαν
378 1343 416 1407 αί
440 1347 521 1425 ΑΒ,
549 1345 617 1406 ΓΔ
643 1341 699 1407 καὶ
727 1337 1023 1425 ἐκβεβλήσθωσαν·
1053 1360 1165 1429 συμπε-

155 1451 295 1515 σοῦνται
333 1445 375 1532 θή
413 1443 580 1532 ἀλλήλαις.
635 1445 910 1533 συμπιπτέτωσαν
942 1445 1028 1514 κατὰ
1061 1447 1102 1516 τὸ
1132 1455 1166 1533 Δ,

153 1554 209 1620 καὶ
234 1550 274 1620 ὃν
298 1552 359 1638 μέν
382 1549 450 1637 ἐ’χει
475 1552 579 1637 λόγον
602 1547 623 1638 ή
644 1558 714 1618 ΑΛ
736 1549 820 1639 πρὸς
837 1558 913 1637 ΛΒ,
937 1550 1036 1638 έχέτω
1064 1552 1168 1641 ήΑΠ

153 1657 236 1746 πρὸς
260 1665 344 1742 ΠΒ,
373 1654 414 1725 ὃν
443 1655 480 1723 δὲ
508 1654 529 1742 ή
554 1663 624 1725 ΔΛ
651 1656 736 1743 πρὸς
757 1663 836 1745 ΛΓ,
863 1654 885 1744 ἡ
909 1665 977 1726 ΔΡ
998 1657 1085 1747 πρὸς
1107 1664 1164 1729 ΡΓ.

154 1761 174 1850 ή
199 1763 265 1851 ἀρα
287 1761 343 1831 διὰ
361 1766 429 1832 τῶν
449 1771 494 1850 Π,
514 1771 544 1830 Ρ
559 1765 784 1850 ἐκβαλλομένη
803 1777 1017 1850 συμπεσεῖται
1037 1766 1166 1857 ἑκατέρη

102 1890 135 1939 15
154 1882 224 1940 τῶν
252 1883 380 1958 τομῶν,
411 1871 468 1939 καὶ
497 1874 534 1939 αί
559 1869 624 1938 ἀπὸ
652 1880 714 1938 τοῦ
743 1877 774 1937 Λ
802 1871 854 1937 ἐπὶ
880 1869 939 1949 τὰς
966 1875 1168 1960 συμπτώσεις

156 1977 354 2065 έφάήονται.
405 1978 593 2067 ἐπεζεύχθω
627 1977 668 2063 δή
702 1973 723 2064 ή
753 1983 822 2044 ΚΛ
853 1976 906 2044 καὶ
941 1976 1168 2068 ἐκβεβλήσθω·

155 2099 247 2172 τεμεῖ
273 2083 315 2171 δή
343 2083 406 2170 τήν
434 2080 499 2152 ὑπὸ
528 2089 634 2151 ΒΛΓ
657 2087 785 2169 γωνίαν
812 2082 868 2150 καὶ
890 2083 950 2163 τὰς
970 2088 1081 2173 τομὰς
1103 2084 1167 2156 κατ’

156 2189 239 2261 ἀλλο
265 2191 320 2258 καὶ
344 2191 426 2259 ἀλλο
446 2203 593 2278 σημείου.
631 2190 774 2276 τεμνέτω
792 2189 875 2258 κατὰ
892 2188 933 2256 τὰ
954 2197 992 2277 Ζ,
1011 2198 1067 2259 Μ·
1087 2199 1171 2262 ἔσται

155 2300 196 2383 δή
226 2296 282 2364 διὰ
308 2297 371 2383 μὲν
394 2296 452 2376 τὰς
475 2301 628 2381 ΑΘΖΗ,
657 2301 692 2362 K
714 2294 957 2383 ἀντικειμένας,
987 2294 1033 2378 ὥς
1057 2296 1079 2383 ή
1103 2306 1171 2368 NK

100 2423 134 2471 ‘30
153 2404 237 2490 πρὸς
260 2407 344 2487 ΚΛ,
372 2400 393 2488 ή
417 2410 485 2469 ΝΖ
512 2401 595 2489 πρὸς
619 2407 699 2487 ΖΛ,
729 2400 784 2469 διὰ
809 2402 847 2470 δέ
873 2402 932 2482 τὰς
954 2411 1111 2493 ΑΒΓΔ,
1134 2414 1170 2492 Ε,

155 2506 199 2589 ὡς
225 2505 246 2594 ή
270 2515 346 2576 NK
367 2508 450 2598 πρὸς
473 2515 557 2593 ΚΛ,
581 2503 601 2593 ή
625 2513 709 2573 ΝΜ
727 2505 812 2596 πρὸς
835 2514 922 2575 ΜΛ·
946 2506 1027 2598 ὅπερ
1053 2510 1173 2581 ἀθύνα·

140 2632 224 2684 τον.
271 2613 333 2683 οὐκ
356 2615 422 2702 ἀρα
446 2617 484 2681 αί
503 2621 543 2696 Β,
561 2619 597 2680 K
614 2618 860 2700 συμπίπτουσιν
884 2611 1052 2702 ἀλλήλαις.

633 2851 673 2910 με
688 2877 695 2893 .

221 2948 299 3020 Ἐἀν
322 2947 491 3037 ὑπερβολή
515 2959 554 3037 τῇ
579 2947 640 3035 μὲν
659 2952 728 3016 τῶν
746 2946 985 3036 ἀντικειμένων
1005 2957 1175 3041 συμπίπτῃ

104 3070 138 3119 25
157 3056 240 3127 κατὰ
269 3057 332 3124 δύο
358 3067 477 3142 σημεῖα
501 3054 554 3121 ἐπὶ
577 3055 617 3121 τὰ
642 3051 726 3122 αὐτὰ
750 3058 873 3142 ἔχουσα
897 3053 980 3144 αὐτῇ
1003 3054 1043 3123 τὰ
1067 3066 1175 3144 κοῖλα,

153 3167 193 3251 τῇ
218 3162 255 3230 δέ
277 3159 358 3229 καθ’
385 3165 422 3229 ἓν
446 3173 596 3249 σημεῖον,
623 3157 644 3247 ή
669 3158 879 3249 ἀντικειμένη
904 3159 988 3252 αὐτή
1013 3160 1175 3257 οὐδετέρᾳ

152 3271 221 3335 τῶν
245 3265 484 3356 ἀντικειμένων
508 3280 732 3353 συμπεσεῖται.

226 3501 269 3552 26.
288 3493 377 3568 καθ’]
398 3493 471 3553 κατά
490 3497 522 3554 τό
542 3496 606 3567 Vp,
625 3515 694 3554 corr.
709 3496 820 3566 Halley.
