2444 3892
452 161 680 216 FRAGMENTA.
949 208 953 214 .
1010 163 1073 228 131

64 308 102 386 Γ,
120 310 163 385 A,
178 308 210 367 E
230 297 342 380 ἁπλῶς
365 300 522 388 άριθμοδν
545 301 619 386 ήτοι
643 317 807 389 μετρεῖται
829 301 895 374 ὑπὸ
917 304 1076 393 τετράδος

62 403 83 493 ή
109 405 159 474 06.

128 517 314 601 μετρείσθω
347 512 512 600 πρότερον
545 509 610 580 ὑπὸ
643 512 801 598 τετράδος
831 514 914 584 κατὰ
940 517 1001 587 τὸν
1028 526 1072 606 K,
1172 514 1176 521 ³

61 620 116 686 καὶ
130 617 414 706 ὑποτετάχθοτσαν
428 633 499 700 τοῖς
512 619 574 705 μὲν
589 626 631 704 A,
646 626 674 686 B
695 620 909 702 ἑκατοντάδες
928 628 965 690 αί
976 631 1021 711 Π,
1036 633 1073 711 Ρ,

61 739 131 804 τοῖς
154 726 190 794 δὲ
215 732 252 809 Γ,
268 734 311 810 A,
326 733 357 791 E
380 724 517 803 δεκάδες
540 728 577 790 αί
599 733 641 809 Σ,
659 731 695 809 Τ,
713 733 753 790 Γ·
779 726 834 792 καί
857 723 875 794 6
900 731 1073 811 διπλάσιος
1109 751 1125 799 5

62 832 127 918 ἄρα
145 836 213 899 τῶν
228 839 272 918 Π,
286 840 316 899 Ρ
330 829 410 916 μετδι
429 840 489 897 τοῦ
504 830 658 916 πλήθους
670 834 739 897 τῶν
754 837 795 914 Σ,
813 837 849 916 Τ,
865 840 894 897 Γ
910 850 1073 918 μετρεῖται

61 933 127 1004 ὑπὸ
146 937 304 1022 τετράδος
321 936 403 1003 κατὰ
423 934 483 1004 τδν
502 943 544 1004 K.
580 936 636 1003 καὶ
655 935 817 1024 φανερόν,
841 936 893 1005 ὅτι
912 939 929 1006 6
951 941 1073 1009 ἐκτῶν

62 1050 104 1125 A,
122 1049 163 1127 Β,
178 1049 216 1126 Γ,
236 1051 280 1128 A,
295 1049 327 1108 E
349 1041 480 1130 στερεὸς
504 1050 576 1122 ίσος
599 1043 667 1110 ἐστὶ
690 1046 735 1133 τῷ
760 1045 887 1111 ἐκτῶν
910 1052 955 1131 Π,
974 1053 1011 1132 Ρ,
1030 1055 1073 1129 Σ,

65 1154 101 1232 Τ,
124 1147 310 1215 Γέπίτον
334 1151 458 1216 ἐκτῶν
483 1156 523 1232 Λ,
542 1158 583 1214 Μ
582 1151 755 1233 N„
670 1191 707 1232 Η,
756 1147 975 1235 .είλήφθω
987 1150 1068 1238 δή
1054 1180 1071 1219 ο

61 1257 182 1322 ἐκτῶν
202 1262 243 1339 Λ,
259 1261 304 1321 M
298 1257 479 1340 ,ΜΞ,Ο,
495 1261 533 1340 Ζ,
548 1261 592 1339 H,
609 1261 637 1320 Θ
660 1199 793 1339 στερεδς
810 1255 904 1322 καί”
885 1274 968 1324 εστω
988 1254 1006 1324 6
1028 1263 1072 1324 Φ·
1093 1275 1126 1325 10

59 1359 111 1428 δτι
135 1358 152 1428 6
175 1363 296 1428 ἐκτῶν
316 1370 358 1446 A,
372 1366 412 1445 B,
426 1367 464 1446 Γ,
478 1368 523 1446 A,
538 1368 578 1446 E,
595 1367 691 1446 Ζ,Η,
707 1368 736 1427 (δ
759 1359 891 1446 στερεὸς
913 1362 1073 1449 μυριάδες

58 1467 144 1534 εἰσὶν
167 1470 327 1534 τοσαῦται
347 1463 520 1553 δμιάνυμοι
538 1476 584 1557 τῷ
603 1473 646 1552 Κ,
670 1465 746 1534 ὅσαι
765 1467 909 1555 μονάδες
930 1470 1016 1537 είσδν
1035 1473 1072 1538 ἐν

58 1575 103 1663 τῷ
130 1579 168 1639 Φ.
214 1574 314 1639 τοῦτο
339 1571 376 1639 δὲ
398 1575 592 1660 μραμμικάς
612 1568 833 1653 Ἀπολλ-άνιος
857 1572 1037 1655 ἀπέδειξεν.

122 1675 201 1745 Ἐὰν
226 1677 262 1744 δὲ
287 1676 303 1745 6
330 1678 588 1758 διπλάσιος-τοῦ
612 1678 765 1764 πλήθους
787 1685 855 1749 τῶν
879 1689 966 1767 Α,Β
990 1680 1069 1768 μετὰ

58 1787 119 1851 τοῦ
142 1782 295 1870 πλήθους
316 1789 385 1853 τῶν
405 1792 442 1870 Γ,
457 1793 500 1870 A,
516 1793 547 1851 Ε
568 1783 612 1871 μή
637 1796 793 1870 μετρῆται
815 1784 881 1854 ὑπὸ
901 1786 1069 1875 τετράδος,
1089 1812 1123 1862 15

58 1889 280 1976 μετρούμενος
308 1888 373 1978 δρα
400 1889 483 1958 κατὰ
510 1889 571 1957 τὸν
595 1896 630 1955 Κ
656 1894 762 1970 λείψει
789 1887 809 1976 ή
832 1889 894 1958 ’ἕνα
917 1889 937 1977 ή
963 1893 1024 1960 δύο
1048 1893 1069 1979 ή

56 2009 153 2083 τρεῖς.
190 2001 220 2063 εί
242 1995 304 2083 μὲν
328 1988 391 2063 οὖν
414 1995 475 2062 ’ἕνα
498 2000 615 2078 λείψει,
640 1992 657 2062 6
679 1997 799 2064 ἐκτῶν
818 2003 863 2079 Π,
878 2003 914 2081 Ρ,
929 2004 970 2081 Σ,
990 2003 1027 2081 Τ,
1045 2006 1074 2063 Γ

57 2100 189 2188 στερεὸς
217 2101 379 2189 μυριάδες
407 2103 492 2168 είσῖν
521 2102 600 2167 δέκα
629 2097 803 2187 ὁμοίνυμοι
829 2104 874 2191 τῷ
899 2108 946 2185 Κ,
980 2106 1011 2168 εί
1033 2101 1070 2170 δὲ

57 2207 136 2293 δύο,
166 2207 327 2296 μυριάδες
355 2206 473 2275 ἑκατὸν
500 2204 674 2294 δμοίνυμοι
701 2210 747 2298 τῷ
772 2213 819 2292 Κ,
849 2210 879 2274 εί
906 2206 943 2274 δὲ
970 2221 1068 2296 τρεῖς,

58 2313 219 2401 μυριάδες
246 2311 392 2401 χίλιαι
378 2311 551 2401 ομάνυμοι
578 2316 623 2403 τῷ
647 2320 687 2380 Κ.
734 2314 790 2380 καὶ
815 2316 918 2398 δήλου
942 2315 977 2381 ἐκ
999 2326 1069 2382 των
1087 2339 1122 2388 το

55 2419 260 2507 γενομένων,
285 2418 377 2488 ὅτιο
360 2418 438 2488 δέκ
460 2423 528 2487 τῶν
553 2428 594 2504 Α,
608 2426 648 2503 Β,
664 2425 702 2503 Γ,
715 2427 759 2505 A,
779 2426 818 2503 E,
838 2426 875 2504 Ζ,
888 2426 935 2506 Η,
950 2428 979 2487 Θ
1001 2440 1068 2489 στε-

56 2523 132 2610 ρεδς
146 2525 350 2613 μυριάδεςί
319 2552 334 2593 ε
336 2526 405 2593 ίσίν
419 2528 589 2609 τοσαῦται,
605 2522 712 2604 ὅσοςὸ
725 2524 944 2604 δεκαπλάσιος
953 2552 1014 2594 του
999 2529 1067 2613 Φ,

56 2632 231 2718 ὁμώνυμοι
258 2635 303 2722 τῷ
329 2640 363 2699 Κ
389 2630 539 2722 άριθμρῖ,
572 2627 592 2716 ή
623 2629 701 2710 ὅσος
725 2629 743 2698 6
768 2631 1067 2712 ἕκατονταπλάσιος

53 2742 116 2805 τοῦ
134 2744 175 2822 Φ,
199 2737 371 2824 δμάνυμοι
390 2742 435 2830 τῷ
452 2744 496 2823 Κ,
520 2733 541 2823 ή
561 2736 640 2815 ὅσος
664 2733 682 2804 6
701 2736 929 2823 χιλιαπλάσιος
947 2742 1008 2806 τοῦ
1026 2746 1066 2824 Φ,

54 2839 228 2929 δμάνυμοι
250 2846 296 2934 τῷ
321 2849 362 2909 Κ.
1085 2866 1119 2916 25

126 2949 257 3015 Τούτου
276 2950 317 3034 δή
337 2951 399 3016 τοῦ
416 2947 634 3036 θεωρήματος
652 2949 973 3036 προτεθεοιρημένου
985 2948 1066 3035 πρό-

52 3079 266 3087 ——--——-

127 3149 151 3197 1.
175 3138 267 3196 διπλοῦ
285 3138 412 3211 άριθμοῦ
432 3140 559 3196 Hultsch.
651 3145 675 3197 ὂ.
701 3137 844 3195 6066-
868 3148 891 3197 7.
894 3143 1066 3265 Khinsser·

53 3213 179 3282 polatori
196 3211 297 3267 tribuit
314 3214 384 3266 Hult
385 3213 442 3269 seh.
534 3217 559 3266 6.
579 3206 634 3280 άρα
652 3213 703 3265 τοῦ
722 3210 851 3280 πλήθους
869 3233 924 3267 των
970 3213 1065 3267 ultsch

55 3300 118 3338 cum
138 3283 276 3340 Wallisio
356 3290 380 3338 8.
401 3289 476 3337 A·-
496 3276 528 3336 ἐκ
546 3283 614 3353 τῶν]
635 3281 744 3349 addidi,
764 3297 817 3338 om.
838 3284 930 3350 codd.;
976 3286 1065 3338 0st

52 3353 102 3409 lin.
123 3360 139 3409 9
164 3354 228 3409 add.
248 3356 307 3417 ίσος
326 3348 384 3408 ἐστὶ
403 3354 441 3426 τῷ
461 3349 493 3408 ἐκ
512 3357 617 3420 τῶνΑ,
632 3356 663 3421 Β,
679 3357 711 3421 Γ,
726 3358 759 3438 A,
774 3355 799 3406 Ε
819 3356 920 3428 στερεῷ
972 3355 1013 3409 ul
1015 3355 1064 3408 soh

53 3441 117 3480 cum
134 3424 271 3482 Wallisio.
344 3429 388 3479 21.
408 3408 582 3495 γενομέναν]
601 3422 801 3492 γεγραμμένων
819 3374 889 3479 Hult
877 3410 947 3481 tseh.
1020 3431 1062 3480 26.

52 3495 103 3549 τοῦ
121 3490 320 3566 θεωρήματος]
340 3496 393 3551 del.
412 3494 539 3550 Hultsch.

867 3583 904 3638 9*
