<?xml version="1.0" encoding="UTF-8"?>
<!DOCTYPE html PUBLIC "-//W3C//DTD XHTML 1.0 Transitional//EN"
    "http://www.w3.org/TR/xhtml1/DTD/xhtml1-transitional.dtd">
<html xmlns="http://www.w3.org/1999/xhtml" xml:lang="en" lang="en">
 <head>
  <title>
</title>
<meta http-equiv="Content-Type" content="text/html;charset=utf-8" />
  <meta name='ocr-system' content='tesseract 3.04.00' />
  <meta name='ocr-capabilities' content='ocr_page ocr_carea ocr_par ocr_line ocrx_word'/>
</head>
<body>
  <div class='ocr_page' id='page_1' title='image "./apolloniipergae01apolgoog_0299.png"; bbox 0 0 2444 3892; ppageno 0'>
   <div class='ocr_carea' id='block_1_1' title="bbox 242 197 1068 263">
    <p class='ocr_par' dir='ltr' id='par_1_1' title="bbox 242 197 1068 263">
     <span class='ocr_line' id='line_1_1' title="bbox 242 197 1068 263; baseline 0.017 -13"><span class='ocrx_word' id='word_1_1' title='bbox 242 200 392 252; x_wconf 82' lang='lat' dir='ltr'><strong>nurocu</strong></span> <span class='ocrx_word' id='word_1_2' title='bbox 411 200 673 252; x_wconf 69' lang='lat' dir='ltr'><strong>connumerem</strong></span> <span class='ocrx_word' id='word_1_3' title='bbox 690 200 730 252; x_wconf 86' lang='lat' dir='ltr'><strong>1u</strong></span> <span class='ocrx_word' id='word_1_4' title='bbox 748 199 891 252; x_wconf 77' lang='lat' dir='ltr'><strong>comen.</strong></span> <span class='ocrx_word' id='word_1_5' title='bbox 1001 197 1068 263; x_wconf 79' lang='lat'><strong>213</strong></span> 
     </span>
    </p>
   </div>
   <div class='ocr_carea' id='block_1_2' title="bbox 55 341 1069 532">
    <p class='ocr_par' dir='ltr' id='par_1_2' title="bbox 55 341 1069 532">
     <span class='ocr_line' id='line_1_2' title="bbox 55 341 1069 426; baseline 0.001 -19"><span class='ocrx_word' id='word_1_6' title='bbox 55 347 164 407; x_wconf 86' lang='lat' dir='ltr'><strong>rectae</strong></span> <span class='ocrx_word' id='word_1_7' title='bbox 197 346 270 406; x_wconf 88' lang='lat' dir='ltr'><strong>NK</strong></span> <span class='ocrx_word' id='word_1_8' title='bbox 302 341 460 425; x_wconf 87' lang='lat' dir='ltr'><strong>parallela</strong></span> <span class='ocrx_word' id='word_1_9' title='bbox 492 341 627 406; x_wconf 88' lang='lat' dir='ltr'><strong>dueatur</strong></span> <span class='ocrx_word' id='word_1_10' title='bbox 659 344 734 426; x_wconf 83' lang='grc' dir='ltr'><strong>ΡΣ,</strong></span> <span class='ocrx_word' id='word_1_11' title='bbox 771 363 841 407; x_wconf 89' lang='lat' dir='ltr'><strong>esse</strong></span> <span class='ocrx_word' id='word_1_12' title='bbox 872 346 984 416; x_wconf 90' lang='grc' dir='ltr'><strong>ΡΣ&gt;</strong></span> <span class='ocrx_word' id='word_1_13' title='bbox 998 341 1069 417; x_wconf 69' lang='grc' dir='ltr'><strong>ΞΠ</strong></span> 
     </span>
     <span class='ocr_line' id='line_1_3' title="bbox 56 447 1066 532; baseline 0.003 -20"><span class='ocrx_word' id='word_1_14' title='bbox 56 454 89 512; x_wconf 88' lang='lat' dir='ltr'><strong>et</strong></span> <span class='ocrx_word' id='word_1_15' title='bbox 111 449 183 512; x_wconf 90' lang='lat' dir='ltr'><strong>ideo</strong></span> <span class='ocrx_word' id='word_1_16' title='bbox 207 452 316 522; x_wconf 89' lang='grc' dir='ltr'><strong>ΡΣ&gt;</strong></span> <span class='ocrx_word' id='word_1_17' title='bbox 329 451 416 532; x_wconf 88' lang='lat' dir='ltr'><strong>HK,</strong></span> <span class='ocrx_word' id='word_1_18' title='bbox 444 448 493 511; x_wconf 91' lang='lat' dir='ltr'><strong>sin</strong></span> <span class='ocrx_word' id='word_1_19' title='bbox 512 448 597 511; x_wconf 91' lang='lat' dir='ltr'><strong>inter</strong></span> <span class='ocrx_word' id='word_1_20' title='bbox 619 450 667 532; x_wconf 89' lang='lat' dir='ltr'><strong>H,</strong></span> <span class='ocrx_word' id='word_1_21' title='bbox 689 447 720 521; x_wconf 72' lang='grc' dir='ltr'><em>Ξ</em></span> <span class='ocrx_word' id='word_1_22' title='bbox 739 452 894 532; x_wconf 81' lang='lat' dir='ltr'><strong>punctum</strong></span> <span class='ocrx_word' id='word_1_23' title='bbox 918 454 1066 515; x_wconf 76' lang='lat' dir='ltr'><strong>sumatur</strong></span> 
     </span>
    </p>
   </div>
   <div class='ocr_carea' id='block_1_3' title="bbox 55 553 1067 744">
    <p class='ocr_par' dir='ltr' id='par_1_3' title="bbox 55 553 1067 744">
     <span class='ocr_line' id='line_1_4' title="bbox 55 553 1067 641; baseline 0.005 -24"><span class='ocrx_word' id='word_1_24' title='bbox 55 554 145 618; x_wconf 87' lang='lat' dir='ltr'><strong>uelut</strong></span> <span class='ocrx_word' id='word_1_25' title='bbox 186 557 229 639; x_wconf 89' lang='lat' dir='ltr'><strong>T,</strong></span> <span class='ocrx_word' id='word_1_26' title='bbox 270 558 304 619; x_wconf 92' lang='lat' dir='ltr'><strong>et</strong></span> <span class='ocrx_word' id='word_1_27' title='bbox 341 576 400 638; x_wconf 92' lang='lat' dir='ltr'><strong>per</strong></span> <span class='ocrx_word' id='word_1_28' title='bbox 435 553 468 617; x_wconf 90' lang='lat' dir='ltr'><strong>id</strong></span> <span class='ocrx_word' id='word_1_29' title='bbox 504 554 661 637; x_wconf 89' lang='lat' dir='ltr'><strong>parallela</strong></span> <span class='ocrx_word' id='word_1_30' title='bbox 697 554 832 619; x_wconf 86' lang='lat' dir='ltr'><strong>dueatur</strong></span> <span class='ocrx_word' id='word_1_31' title='bbox 872 558 954 641; x_wconf 71' lang='lat' dir='ltr'><strong>Tr,</strong></span> <span class='ocrx_word' id='word_1_32' title='bbox 996 579 1067 622; x_wconf 89' lang='lat' dir='ltr'><strong>esse</strong></span> 
     </span>
     <span class='ocr_line' id='line_1_5' title="bbox 59 660 865 744; baseline 0 -21"><span class='ocrx_word' id='word_1_33' title='bbox 59 665 122 723; x_wconf 77' lang='lat' dir='ltr'><strong>Tr</strong></span> <span class='ocrx_word' id='word_1_34' title='bbox 133 671 168 735; x_wconf 95' lang='lat'>&lt;</span> <span class='ocrx_word' id='word_1_35' title='bbox 182 660 251 733; x_wconf 74' lang='grc' dir='ltr'><strong>ΞΠ</strong></span> <span class='ocrx_word' id='word_1_36' title='bbox 271 665 304 724; x_wconf 85' lang='lat' dir='ltr'><strong>et</strong></span> <span class='ocrx_word' id='word_1_37' title='bbox 332 662 393 723; x_wconf 76' lang='lat' dir='ltr'><strong>Tr</strong></span> <span class='ocrx_word' id='word_1_38' title='bbox 405 670 439 732; x_wconf 92' lang='lat'>&lt;</span> <span class='ocrx_word' id='word_1_39' title='bbox 453 662 533 725; x_wconf 90' lang='lat' dir='ltr'><strong>KH.</strong></span> <span class='ocrx_word' id='word_1_40' title='bbox 580 662 612 723; x_wconf 92' lang='lat' dir='ltr'><strong>et</strong></span> <span class='ocrx_word' id='word_1_41' title='bbox 637 660 790 744; x_wconf 92' lang='lat' dir='ltr'><strong>quoniam</strong></span> <span class='ocrx_word' id='word_1_42' title='bbox 815 665 865 724; x_wconf 88' lang='lat' dir='ltr'><strong>est</strong></span> 
     </span>
    </p>
   </div>
   <div class='ocr_carea' id='block_1_4' title="bbox 56 783 1069 1205">
    <p class='ocr_par' dir='ltr' id='par_1_4' title="bbox 56 783 1069 1205">
     <span class='ocr_line' id='line_1_6' title="bbox 405 783 724 865; baseline 0.013 -5"><span class='ocrx_word' id='word_1_43' title='bbox 405 790 427 860; x_wconf 81' lang='lat' dir='ltr'><em>L</em></span> <span class='ocrx_word' id='word_1_44' title='bbox 441 783 510 857; x_wconf 78' lang='grc' dir='ltr'><strong>ΞΠ</strong></span> <span class='ocrx_word' id='word_1_45' title='bbox 514 786 547 846; x_wconf 88' lang='lat' dir='ltr'><em>K</em></span> <span class='ocrx_word' id='word_1_46' title='bbox 559 794 593 857; x_wconf 92' lang='lat'>&gt;</span> <span class='ocrx_word' id='word_1_47' title='bbox 609 789 641 847; x_wconf 88' lang='lat' dir='ltr'><em>A</em></span> <span class='ocrx_word' id='word_1_48' title='bbox 646 783 714 857; x_wconf 78' lang='grc' dir='ltr'><strong>ΞΠ</strong></span> <span class='ocrx_word' id='word_1_49' title='bbox 716 832 724 865; x_wconf 74' lang='lat'>‚</span> 
     </span>
     <span class='ocr_line' id='line_1_7' title="bbox 56 907 1069 992; baseline 0.005 -22"><span class='ocrx_word' id='word_1_50' title='bbox 56 912 88 970; x_wconf 89' lang='lat' dir='ltr'><strong>et</strong></span> <span class='ocrx_word' id='word_1_51' title='bbox 112 911 255 983; x_wconf 62' lang='lat' dir='ltr'><strong>lom(</strong></span> <span class='ocrx_word' id='word_1_52' title='bbox 268 939 310 961; x_wconf 92' lang='lat'>=</span> <span class='ocrx_word' id='word_1_53' title='bbox 328 909 427 992; x_wconf 78' lang='grc' dir='ltr'><strong><em>ΟΗΞ,</em></strong></span> <span class='ocrx_word' id='word_1_54' title='bbox 451 910 513 973; x_wconf 88' lang='lat' dir='ltr'><strong>erit</strong></span> <span class='ocrx_word' id='word_1_55' title='bbox 536 909 633 973; x_wconf 88' lang='lat' dir='ltr'><strong>etiam</strong></span> <span class='ocrx_word' id='word_1_56' title='bbox 657 915 678 985; x_wconf 68' lang='lat' dir='ltr'><em>L</em></span> <span class='ocrx_word' id='word_1_57' title='bbox 695 909 797 982; x_wconf 72' lang='grc' dir='ltr'><strong>ΟΗΞ</strong></span> <span class='ocrx_word' id='word_1_58' title='bbox 807 919 840 981; x_wconf 96' lang='grc'>&gt;</span> <span class='ocrx_word' id='word_1_59' title='bbox 856 907 964 982; x_wconf 68' lang='lat' dir='ltr'><strong>Hau</strong></span> <span class='ocrx_word' id='word_1_60' title='bbox 1009 910 1069 975; x_wconf 87' lang='lat' dir='ltr'><strong>ita·</strong></span> 
     </span>
     <span class='ocr_line' id='line_1_8' title="bbox 56 1013 1067 1100; baseline 0.002 -22"><span class='ocrx_word' id='word_1_61' title='bbox 56 1036 118 1097; x_wconf 92' lang='lat' dir='ltr'><strong>que</strong></span> <span class='ocrx_word' id='word_1_62' title='bbox 138 1013 201 1088; x_wconf 74' lang='grc' dir='ltr'><strong>ΞΟ</strong></span> <span class='ocrx_word' id='word_1_63' title='bbox 215 1026 248 1088; x_wconf 96' lang='grc'>&gt;</span> <span class='ocrx_word' id='word_1_64' title='bbox 266 1018 335 1079; x_wconf 88' lang='lat' dir='ltr'><strong>OH</strong></span> <span class='ocrx_word' id='word_1_65' title='bbox 352 1015 456 1096; x_wconf 80' lang='lat' dir='ltr'><strong>[Euel.</strong></span> <span class='ocrx_word' id='word_1_66' title='bbox 470 1014 495 1100; x_wconf 80' lang='grc' dir='ltr'><strong>Ι,</strong></span> <span class='ocrx_word' id='word_1_67' title='bbox 516 1016 570 1095; x_wconf 90' lang='grc'><strong>19]</strong></span> <span class='ocrx_word' id='word_1_68' title='bbox 594 1019 628 1079; x_wconf 93' lang='lat' dir='ltr'><strong>et</strong></span> <span class='ocrx_word' id='word_1_69' title='bbox 649 1015 722 1081; x_wconf 89' lang='lat' dir='ltr'><strong>ideo</strong></span> <span class='ocrx_word' id='word_1_70' title='bbox 741 1016 840 1079; x_wconf 86' lang='lat' dir='ltr'><strong>etiam</strong></span> <span class='ocrx_word' id='word_1_71' title='bbox 859 1018 893 1078; x_wconf 87' lang='lat' dir='ltr'><strong><em>K</em></strong></span> <span class='ocrx_word' id='word_1_72' title='bbox 897 1017 927 1078; x_wconf 89' lang='lat'><em>0</em></span> <span class='ocrx_word' id='word_1_73' title='bbox 939 1025 973 1087; x_wconf 96' lang='grc'>&gt;</span> <span class='ocrx_word' id='word_1_74' title='bbox 990 1018 1067 1080; x_wconf 88' lang='grc' dir='ltr'><strong>ΟΠ.</strong></span> 
     </span>
     <span class='ocr_line' id='line_1_9' title="bbox 56 1121 1069 1205; baseline 0 -20"><span class='ocrx_word' id='word_1_75' title='bbox 56 1126 90 1185; x_wconf 88' lang='lat' dir='ltr'><strong>et</strong></span> <span class='ocrx_word' id='word_1_76' title='bbox 134 1123 161 1185; x_wconf 90' lang='lat' dir='ltr'><strong>si</strong></span> <span class='ocrx_word' id='word_1_77' title='bbox 199 1122 327 1205; x_wconf 90' lang='lat' dir='ltr'><strong>quando</strong></span> <span class='ocrx_word' id='word_1_78' title='bbox 365 1122 467 1186; x_wconf 86' lang='lat' dir='ltr'><strong>altera</strong></span> <span class='ocrx_word' id='word_1_79' title='bbox 503 1121 735 1186; x_wconf 75' lang='lat' dir='ltr'><strong>diametrorum</strong></span> <span class='ocrx_word' id='word_1_80' title='bbox 771 1122 806 1185; x_wconf 91' lang='lat' dir='ltr'><strong>in</strong></span> <span class='ocrx_word' id='word_1_81' title='bbox 843 1121 923 1184; x_wconf 88' lang='lat' dir='ltr'><strong>duas</strong></span> <span class='ocrx_word' id='word_1_82' title='bbox 960 1130 1069 1204; x_wconf 85' lang='lat' dir='ltr'><strong>partes</strong></span> 
     </span>
    </p>
   </div>
   <div class='ocr_carea' id='block_1_5' title="bbox 56 1227 1070 1399">
    <p class='ocr_par' dir='ltr' id='par_1_5' title="bbox 56 1227 1070 1399">
     <span class='ocr_line' id='line_1_10' title="bbox 56 1227 1070 1312; baseline 0 -20"><span class='ocrx_word' id='word_1_83' title='bbox 56 1228 207 1311; x_wconf 81' lang='lat' dir='ltr'><strong>aequales</strong></span> <span class='ocrx_word' id='word_1_84' title='bbox 232 1228 337 1292; x_wconf 88' lang='lat' dir='ltr'><strong>diuisa</strong></span> <span class='ocrx_word' id='word_1_85' title='bbox 358 1229 428 1308; x_wconf 86' lang='lat' dir='ltr'><strong>erit,</strong></span> <span class='ocrx_word' id='word_1_86' title='bbox 451 1228 575 1312; x_wconf 91' lang='lat' dir='ltr'><strong>reliqua</strong></span> <span class='ocrx_word' id='word_1_87' title='bbox 593 1228 629 1290; x_wconf 91' lang='lat' dir='ltr'><strong>in</strong></span> <span class='ocrx_word' id='word_1_88' title='bbox 647 1231 756 1312; x_wconf 88' lang='lat' dir='ltr'><strong>partes</strong></span> <span class='ocrx_word' id='word_1_89' title='bbox 775 1227 962 1311; x_wconf 77' lang='lat' dir='ltr'><strong>inaequales</strong></span> <span class='ocrx_word' id='word_1_90' title='bbox 981 1248 1070 1292; x_wconf 90' lang='lat' dir='ltr'><strong>seea-</strong></span> 
     </span>
     <span class='ocr_line' id='line_1_11' title="bbox 56 1333 153 1399; baseline 0.021 -2"><span class='ocrx_word' id='word_1_91' title='bbox 56 1333 153 1399; x_wconf 88' lang='lat' dir='ltr'><strong>bitur.</strong></span> 
     </span>
    </p>
   </div>
   <div class='ocr_carea' id='block_1_6' title="bbox 436 1508 694 1595">
    <p class='ocr_par' dir='ltr' id='par_1_6' title="bbox 436 1508 694 1595">
     <span class='ocr_line' id='line_1_12' title="bbox 436 1508 694 1595; baseline -0.012 -20"><span class='ocrx_word' id='word_1_92' title='bbox 436 1510 492 1575; x_wconf 81' lang='lat' dir='ltr'><strong>Ad</strong></span> <span class='ocrx_word' id='word_1_93' title='bbox 515 1532 617 1595; x_wconf 88' lang='lat' dir='ltr'>prop.</span> <span class='ocrx_word' id='word_1_94' title='bbox 638 1508 694 1574; x_wconf 90' lang='lat' dir='ltr'><strong>VI.</strong></span> 
     </span>
    </p>
   </div>
   <div class='ocr_carea' id='block_1_7' title="bbox 56 1652 1075 3217">
    <p class='ocr_par' dir='ltr' id='par_1_7' title="bbox 56 1652 1075 3009">
     <span class='ocr_line' id='line_1_13' title="bbox 124 1652 1071 1739; baseline 0.002 -22"><span class='ocrx_word' id='word_1_95' title='bbox 124 1652 394 1717; x_wconf 83' lang='lat' dir='ltr'><strong>Animaduertere</strong></span> <span class='ocrx_word' id='word_1_96' title='bbox 423 1656 565 1736; x_wconf 88' lang='lat' dir='ltr'><strong>oportet,</strong></span> <span class='ocrx_word' id='word_1_97' title='bbox 592 1675 657 1718; x_wconf 93' lang='lat' dir='ltr'><strong>non</strong></span> <span class='ocrx_word' id='word_1_98' title='bbox 683 1653 752 1717; x_wconf 87' lang='lat' dir='ltr'><strong>sine</strong></span> <span class='ocrx_word' id='word_1_99' title='bbox 776 1674 874 1718; x_wconf 85' lang='lat' dir='ltr'><strong>eausa</strong></span> <span class='ocrx_word' id='word_1_100' title='bbox 896 1653 929 1717; x_wconf 92' lang='lat' dir='ltr'><strong>in</strong></span> <span class='ocrx_word' id='word_1_101' title='bbox 954 1675 1071 1739; x_wconf 76' lang='lat' dir='ltr'><strong>prope</strong></span> 
     </span>
     <span class='ocr_line' id='line_1_14' title="bbox 57 1759 1071 1844; baseline 0 -22"><span class='ocrx_word' id='word_1_102' title='bbox 57 1759 174 1823; x_wconf 90' lang='lat' dir='ltr'><strong>sitione</strong></span> <span class='ocrx_word' id='word_1_103' title='bbox 202 1759 298 1823; x_wconf 81' lang='lat' dir='ltr'><strong>adfici</strong></span> <span class='ocrx_word' id='word_1_104' title='bbox 327 1759 357 1838; x_wconf 93' lang='lat' dir='ltr'><strong>[I</strong></span> <span class='ocrx_word' id='word_1_105' title='bbox 381 1782 412 1843; x_wconf 92' lang='lat' dir='ltr'><strong>p.</strong></span> <span class='ocrx_word' id='word_1_106' title='bbox 431 1759 489 1842; x_wconf 75' lang='lat'><strong>20,</strong></span> <span class='ocrx_word' id='word_1_107' title='bbox 519 1759 560 1824; x_wconf 80' lang='lat'><strong>12</strong></span> <span class='ocrx_word' id='word_1_108' title='bbox 584 1761 660 1844; x_wconf 74' lang='lat' dir='ltr'><strong>sq.].</strong></span> <span class='ocrx_word' id='word_1_109' title='bbox 689 1763 812 1824; x_wconf 84' lang='lat' dir='ltr'><strong>rectam</strong></span> <span class='ocrx_word' id='word_1_110' title='bbox 840 1781 860 1824; x_wconf 88' lang='lat' dir='ltr'><strong>a</strong></span> <span class='ocrx_word' id='word_1_111' title='bbox 886 1764 1007 1844; x_wconf 82' lang='lat' dir='ltr'><strong>puncto</strong></span> <span class='ocrx_word' id='word_1_112' title='bbox 1035 1761 1071 1823; x_wconf 89' lang='lat' dir='ltr'><strong>in</strong></span> 
     </span>
     <span class='ocr_line' id='line_1_15' title="bbox 56 1864 1072 1948; baseline 0.001 -19"><span class='ocrx_word' id='word_1_113' title='bbox 56 1864 225 1948; x_wconf 84' lang='lat' dir='ltr'><strong>superficie</strong></span> <span class='ocrx_word' id='word_1_114' title='bbox 258 1865 366 1946; x_wconf 89' lang='lat' dir='ltr'><strong>posito</strong></span> <span class='ocrx_word' id='word_1_115' title='bbox 398 1864 589 1946; x_wconf 80' lang='lat' dir='ltr'><strong>parallelum</strong></span> <span class='ocrx_word' id='word_1_116' title='bbox 619 1865 749 1928; x_wconf 86' lang='lat' dir='ltr'><strong>ductam</strong></span> <span class='ocrx_word' id='word_1_117' title='bbox 777 1868 882 1928; x_wconf 81' lang='lat' dir='ltr'><strong>rectae</strong></span> <span class='ocrx_word' id='word_1_118' title='bbox 912 1865 1010 1929; x_wconf 79' lang='lat' dir='ltr'><strong>alicui</strong></span> <span class='ocrx_word' id='word_1_119' title='bbox 1036 1867 1072 1930; x_wconf 92' lang='lat' dir='ltr'><strong>in</strong></span> 
     </span>
     <span class='ocr_line' id='line_1_16' title="bbox 56 1958 1070 2055; baseline 0.001 -21"><span class='ocrx_word' id='word_1_120' title='bbox 56 1958 130 2035; x_wconf 81' lang='lat' dir='ltr'><strong>basi</strong></span> <span class='ocrx_word' id='word_1_121' title='bbox 164 1969 289 2053; x_wconf 88' lang='lat' dir='ltr'><strong>positae</strong></span> <span class='ocrx_word' id='word_1_122' title='bbox 328 1969 459 2033; x_wconf 89' lang='lat' dir='ltr'><strong>omnino</strong></span> <span class='ocrx_word' id='word_1_123' title='bbox 492 1972 600 2033; x_wconf 79' lang='lat' dir='ltr'><strong>rectae</strong></span> <span class='ocrx_word' id='word_1_124' title='bbox 629 1969 668 2032; x_wconf 90' lang='lat' dir='ltr'><strong>ad</strong></span> <span class='ocrx_word' id='word_1_125' title='bbox 696 1969 802 2033; x_wconf 90' lang='lat' dir='ltr'><strong>basim</strong></span> <span class='ocrx_word' id='word_1_126' title='bbox 828 1970 986 2055; x_wconf 82' lang='lat' dir='ltr'><strong>trianguli</strong></span> <span class='ocrx_word' id='word_1_127' title='bbox 1012 1992 1070 2054; x_wconf 89' lang='lat' dir='ltr'><strong>per</strong></span> 
     </span>
     <span class='ocr_line' id='line_1_17' title="bbox 57 2072 1070 2159; baseline 0 -19"><span class='ocrx_word' id='word_1_128' title='bbox 57 2097 152 2140; x_wconf 89' lang='lat' dir='ltr'><strong>axem</strong></span> <span class='ocrx_word' id='word_1_129' title='bbox 178 2075 277 2158; x_wconf 89' lang='lat' dir='ltr'><strong>positi</strong></span> <span class='ocrx_word' id='word_1_130' title='bbox 304 2073 562 2156; x_wconf 82' lang='lat' dir='ltr'><strong>perpendiculari</strong></span> <span class='ocrx_word' id='word_1_131' title='bbox 588 2072 781 2157; x_wconf 87' lang='lat' dir='ltr'><strong>parallelam</strong></span> <span class='ocrx_word' id='word_1_132' title='bbox 809 2075 881 2138; x_wconf 81' lang='lat' dir='ltr'><strong>duci</strong></span> <span class='ocrx_word' id='word_1_133' title='bbox 908 2078 1070 2159; x_wconf 83' lang='lat' dir='ltr'><strong>oportere3</strong></span> 
     </span>
     <span class='ocr_line' id='line_1_18' title="bbox 58 2179 1071 2264; baseline -0.003 -17"><span class='ocrx_word' id='word_1_134' title='bbox 58 2204 136 2247; x_wconf 89' lang='lat' dir='ltr'><strong>nam</strong></span> <span class='ocrx_word' id='word_1_135' title='bbox 160 2183 187 2246; x_wconf 92' lang='lat' dir='ltr'><strong>si</strong></span> <span class='ocrx_word' id='word_1_136' title='bbox 210 2181 273 2246; x_wconf 89' lang='lat' dir='ltr'><strong>hoe</strong></span> <span class='ocrx_word' id='word_1_137' title='bbox 295 2198 361 2243; x_wconf 92' lang='lat' dir='ltr'><strong>non</strong></span> <span class='ocrx_word' id='word_1_138' title='bbox 384 2179 432 2243; x_wconf 87' lang='lat' dir='ltr'><strong>ita</strong></span> <span class='ocrx_word' id='word_1_139' title='bbox 455 2182 518 2264; x_wconf 89' lang='lat' dir='ltr'><strong>est,</strong></span> <span class='ocrx_word' id='word_1_140' title='bbox 542 2179 612 2243; x_wconf 92' lang='lat' dir='ltr'><strong>fieri</strong></span> <span class='ocrx_word' id='word_1_141' title='bbox 635 2200 701 2243; x_wconf 91' lang='lat' dir='ltr'><strong>non</strong></span> <span class='ocrx_word' id='word_1_142' title='bbox 724 2182 845 2263; x_wconf 87' lang='lat' dir='ltr'><strong>potest,</strong></span> <span class='ocrx_word' id='word_1_143' title='bbox 869 2182 905 2244; x_wconf 88' lang='lat' dir='ltr'><strong>ut</strong></span> <span class='ocrx_word' id='word_1_144' title='bbox 929 2203 949 2244; x_wconf 88' lang='lat' dir='ltr'><strong>a</strong></span> <span class='ocrx_word' id='word_1_145' title='bbox 971 2181 1071 2245; x_wconf 85' lang='lat' dir='ltr'><strong>trian-</strong></span> 
     </span>
     <span class='ocr_line' id='line_1_19' title="bbox 57 2285 1071 2374; baseline -0.001 -23"><span class='ocrx_word' id='word_1_146' title='bbox 57 2289 134 2374; x_wconf 79' lang='lat' dir='ltr'><strong>gulo</strong></span> <span class='ocrx_word' id='word_1_147' title='bbox 157 2309 216 2371; x_wconf 92' lang='lat' dir='ltr'><strong>per</strong></span> <span class='ocrx_word' id='word_1_148' title='bbox 240 2307 332 2351; x_wconf 87' lang='lat' dir='ltr'><strong>axem</strong></span> <span class='ocrx_word' id='word_1_149' title='bbox 356 2286 464 2369; x_wconf 86' lang='lat' dir='ltr'><strong>posito</strong></span> <span class='ocrx_word' id='word_1_150' title='bbox 482 2287 516 2349; x_wconf 89' lang='lat' dir='ltr'><strong>in</strong></span> <span class='ocrx_word' id='word_1_151' title='bbox 535 2285 615 2353; x_wconf 87' lang='lat' dir='ltr'><strong>duas</strong></span> <span class='ocrx_word' id='word_1_152' title='bbox 634 2290 743 2369; x_wconf 86' lang='lat' dir='ltr'><strong>partes</strong></span> <span class='ocrx_word' id='word_1_153' title='bbox 763 2287 912 2371; x_wconf 88' lang='lat' dir='ltr'><strong>aequales</strong></span> <span class='ocrx_word' id='word_1_154' title='bbox 931 2291 1071 2370; x_wconf 80' lang='lat' dir='ltr'><strong>sseetnr3</strong></span> 
     </span>
     <span class='ocr_line' id='line_1_20' title="bbox 59 2391 1070 2478; baseline 0 -20"><span class='ocrx_word' id='word_1_155' title='bbox 59 2394 145 2477; x_wconf 89' lang='lat' dir='ltr'><strong>quod</strong></span> <span class='ocrx_word' id='word_1_156' title='bbox 179 2396 212 2457; x_wconf 91' lang='lat' dir='ltr'><strong>in</strong></span> <span class='ocrx_word' id='word_1_157' title='bbox 246 2392 349 2478; x_wconf 81' lang='lat' dir='ltr'><strong>figura</strong></span> <span class='ocrx_word' id='word_1_158' title='bbox 380 2392 413 2456; x_wconf 93' lang='lat' dir='ltr'><strong>in</strong></span> <span class='ocrx_word' id='word_1_159' title='bbox 448 2392 555 2456; x_wconf 91' lang='lat' dir='ltr'><strong>uerbis</strong></span> <span class='ocrx_word' id='word_1_160' title='bbox 587 2391 756 2475; x_wconf 85' lang='lat' dir='ltr'><strong>Apollonii</strong></span> <span class='ocrx_word' id='word_1_161' title='bbox 788 2393 897 2476; x_wconf 88' lang='lat' dir='ltr'><strong>posita</strong></span> <span class='ocrx_word' id='word_1_162' title='bbox 929 2394 1070 2476; x_wconf 86' lang='lat' dir='ltr'><strong>adparet</strong></span> 
     </span>
     <span class='ocr_line' id='line_1_21' title="bbox 57 2499 1075 2583; baseline 0.001 -19"><span class='ocrx_word' id='word_1_163' title='bbox 57 2522 133 2565; x_wconf 89' lang='lat' dir='ltr'><strong>nam</strong></span> <span class='ocrx_word' id='word_1_164' title='bbox 163 2499 191 2564; x_wconf 89' lang='lat' dir='ltr'><strong>si</strong></span> <span class='ocrx_word' id='word_1_165' title='bbox 214 2503 305 2583; x_wconf 89' lang='lat' dir='ltr'><strong>MN,</strong></span> <span class='ocrx_word' id='word_1_166' title='bbox 334 2499 385 2563; x_wconf 89' lang='lat' dir='ltr'><strong>eui</strong></span> <span class='ocrx_word' id='word_1_167' title='bbox 408 2499 564 2582; x_wconf 88' lang='lat' dir='ltr'><strong>parallela</strong></span> <span class='ocrx_word' id='word_1_168' title='bbox 587 2502 637 2563; x_wconf 90' lang='lat' dir='ltr'><strong>est</strong></span> <span class='ocrx_word' id='word_1_169' title='bbox 659 2502 771 2579; x_wconf 86' lang='grc' dir='ltr'><strong><em>ΔΖΗ,</em></strong></span> <span class='ocrx_word' id='word_1_170' title='bbox 799 2500 839 2564; x_wconf 87' lang='lat' dir='ltr'><strong>ad</strong></span> <span class='ocrx_word' id='word_1_171' title='bbox 861 2504 984 2565; x_wconf 88' lang='lat' dir='ltr'><strong>rectam</strong></span> <span class='ocrx_word' id='word_1_172' title='bbox 1007 2503 1075 2565; x_wconf 92' lang='grc' dir='ltr'><strong>ΒΓ</strong></span> 
     </span>
     <span class='ocr_line' id='line_1_22' title="bbox 57 2605 1071 2691; baseline 0.002 -22"><span class='ocrx_word' id='word_1_173' title='bbox 57 2605 332 2690; x_wconf 88' lang='lat' dir='ltr'><strong>perpendicularis</strong></span> <span class='ocrx_word' id='word_1_174' title='bbox 359 2627 426 2670; x_wconf 89' lang='lat' dir='ltr'><strong>non</strong></span> <span class='ocrx_word' id='word_1_175' title='bbox 454 2609 516 2689; x_wconf 87' lang='lat' dir='ltr'><strong>est,</strong></span> <span class='ocrx_word' id='word_1_176' title='bbox 545 2605 694 2689; x_wconf 83' lang='lat' dir='ltr'><strong>adparet,</strong></span> <span class='ocrx_word' id='word_1_177' title='bbox 721 2627 761 2671; x_wconf 88' lang='lat' dir='ltr'><strong>ne</strong></span> <span class='ocrx_word' id='word_1_178' title='bbox 784 2610 818 2670; x_wconf 90' lang='lat' dir='ltr'><strong><em>K</em></strong></span> <span class='ocrx_word' id='word_1_179' title='bbox 822 2610 853 2670; x_wconf 87' lang='lat' dir='ltr'><em>A</em></span> <span class='ocrx_word' id='word_1_180' title='bbox 881 2607 1008 2691; x_wconf 90' lang='lat' dir='ltr'><strong>quidem</strong></span> <span class='ocrx_word' id='word_1_181' title='bbox 1037 2608 1071 2672; x_wconf 94' lang='lat' dir='ltr'><strong>in</strong></span> 
     </span>
     <span class='ocr_line' id='line_1_23' title="bbox 58 2711 1070 2795; baseline 0.002 -19"><span class='ocrx_word' id='word_1_182' title='bbox 58 2712 139 2776; x_wconf 85' lang='lat' dir='ltr'><strong>duas</strong></span> <span class='ocrx_word' id='word_1_183' title='bbox 162 2715 271 2795; x_wconf 86' lang='lat' dir='ltr'><strong>partes</strong></span> <span class='ocrx_word' id='word_1_184' title='bbox 296 2711 445 2795; x_wconf 89' lang='lat' dir='ltr'><strong>aequales</strong></span> <span class='ocrx_word' id='word_1_185' title='bbox 470 2712 579 2776; x_wconf 86' lang='lat' dir='ltr'><strong>seeari.</strong></span> <span class='ocrx_word' id='word_1_186' title='bbox 617 2716 650 2776; x_wconf 89' lang='lat' dir='ltr'><strong>et</strong></span> <span class='ocrx_word' id='word_1_187' title='bbox 669 2713 781 2777; x_wconf 87' lang='lat' dir='ltr'><strong>eadem</strong></span> <span class='ocrx_word' id='word_1_188' title='bbox 800 2713 924 2779; x_wconf 87' lang='lat' dir='ltr'><strong>ratione</strong></span> <span class='ocrx_word' id='word_1_189' title='bbox 943 2714 1070 2778; x_wconf 86' lang='lat' dir='ltr'><strong>eonelu-</strong></span> 
     </span>
     <span class='ocr_line' id='line_1_24' title="bbox 58 2817 1070 2904; baseline 0.001 -22"><span class='ocrx_word' id='word_1_190' title='bbox 58 2817 178 2899; x_wconf 89' lang='lat' dir='ltr'><strong>dimus,</strong></span> <span class='ocrx_word' id='word_1_191' title='bbox 206 2838 276 2881; x_wconf 89' lang='lat' dir='ltr'><strong>esse</strong></span> <span class='ocrx_word' id='word_1_192' title='bbox 299 2817 716 2882; x_wconf 67' lang='lat' dir='ltr'><strong>K62eA=A212H</strong></span> <span class='ocrx_word' id='word_1_193' title='bbox 740 2819 769 2899; x_wconf 89' lang='lat' dir='ltr'><strong>[I</strong></span> <span class='ocrx_word' id='word_1_194' title='bbox 795 2840 826 2901; x_wconf 92' lang='lat' dir='ltr'><strong>p.</strong></span> <span class='ocrx_word' id='word_1_195' title='bbox 845 2818 902 2904; x_wconf 77' lang='lat'><strong>22,</strong></span> <span class='ocrx_word' id='word_1_196' title='bbox 930 2819 974 2884; x_wconf 84' lang='lat'><strong>20</strong></span> <span class='ocrx_word' id='word_1_197' title='bbox 1000 2821 1070 2903; x_wconf 88' lang='lat' dir='ltr'><strong>sq.].</strong></span> 
     </span>
     <span class='ocr_line' id='line_1_25' title="bbox 58 2922 1071 3009; baseline 0.002 -22"><span class='ocrx_word' id='word_1_198' title='bbox 58 2944 136 3009; x_wconf 82' lang='lat' dir='ltr'><strong>ergo</strong></span> <span class='ocrx_word' id='word_1_199' title='bbox 165 2923 262 2987; x_wconf 88' lang='lat' dir='ltr'><strong>etiam</strong></span> <span class='ocrx_word' id='word_1_200' title='bbox 287 2925 362 2985; x_wconf 88' lang='grc' dir='ltr'><strong>ΛΗ</strong></span> <span class='ocrx_word' id='word_1_201' title='bbox 386 2922 420 2986; x_wconf 91' lang='lat' dir='ltr'><strong>in</strong></span> <span class='ocrx_word' id='word_1_202' title='bbox 444 2927 471 2986; x_wconf 93' lang='lat' dir='ltr'><strong>Z</strong></span> <span class='ocrx_word' id='word_1_203' title='bbox 498 2924 533 2987; x_wconf 88' lang='lat' dir='ltr'><strong>in</strong></span> <span class='ocrx_word' id='word_1_204' title='bbox 558 2927 665 3006; x_wconf 86' lang='lat' dir='ltr'><strong>partes</strong></span> <span class='ocrx_word' id='word_1_205' title='bbox 689 2925 876 3009; x_wconf 88' lang='lat' dir='ltr'><strong>inaequales</strong></span> <span class='ocrx_word' id='word_1_206' title='bbox 900 2925 1071 2990; x_wconf 82' lang='lat' dir='ltr'><strong>secabitur.</strong></span> 
     </span>
    </p>

    <p class='ocr_par' dir='ltr' id='par_1_8' title="bbox 57 3029 1072 3217">
     <span class='ocr_line' id='line_1_26' title="bbox 126 3029 1072 3114; baseline 0.001 -22"><span class='ocrx_word' id='word_1_207' title='bbox 126 3029 195 3092; x_wconf 90' lang='lat' dir='ltr'><strong>fieri</strong></span> <span class='ocrx_word' id='word_1_208' title='bbox 214 3032 322 3092; x_wconf 87' lang='lat' dir='ltr'><strong>autem</strong></span> <span class='ocrx_word' id='word_1_209' title='bbox 340 3032 459 3111; x_wconf 87' lang='lat' dir='ltr'><strong>potest,</strong></span> <span class='ocrx_word' id='word_1_210' title='bbox 477 3033 515 3094; x_wconf 90' lang='lat' dir='ltr'><strong>ut</strong></span> <span class='ocrx_word' id='word_1_211' title='bbox 533 3032 566 3093; x_wconf 91' lang='lat' dir='ltr'><strong>et</strong></span> <span class='ocrx_word' id='word_1_212' title='bbox 583 3029 671 3093; x_wconf 91' lang='lat' dir='ltr'><strong>infra</strong></span> <span class='ocrx_word' id='word_1_213' title='bbox 690 3030 844 3094; x_wconf 82' lang='lat' dir='ltr'><strong>circulum</strong></span> <span class='ocrx_word' id='word_1_214' title='bbox 864 3034 897 3095; x_wconf 93' lang='lat' dir='ltr'><strong>et</strong></span> <span class='ocrx_word' id='word_1_215' title='bbox 914 3030 948 3093; x_wconf 90' lang='lat' dir='ltr'><strong>in</strong></span> <span class='ocrx_word' id='word_1_216' title='bbox 964 3052 1072 3114; x_wconf 88' lang='lat' dir='ltr'><strong>super-</strong></span> 
     </span>
     <span class='ocr_line' id='line_1_27' title="bbox 57 3134 883 3217; baseline 0.004 -18"><span class='ocrx_word' id='word_1_217' title='bbox 57 3136 129 3200; x_wconf 80' lang='lat' dir='ltr'><strong>ficie</strong></span> <span class='ocrx_word' id='word_1_218' title='bbox 153 3136 194 3199; x_wconf 91' lang='lat' dir='ltr'><strong>ad</strong></span> <span class='ocrx_word' id='word_1_219' title='bbox 218 3134 372 3198; x_wconf 84' lang='lat' dir='ltr'><strong>uerticem</strong></span> <span class='ocrx_word' id='word_1_220' title='bbox 395 3135 504 3217; x_wconf 88' lang='lat' dir='ltr'><strong>posita</strong></span> <span class='ocrx_word' id='word_1_221' title='bbox 527 3134 613 3198; x_wconf 89' lang='lat' dir='ltr'><strong>idem</strong></span> <span class='ocrx_word' id='word_1_222' title='bbox 636 3135 883 3202; x_wconf 87' lang='lat' dir='ltr'><strong>demonstretur.</strong></span> 
     </span>
    </p>
   </div>
   <div class='ocr_carea' id='block_1_8' title="bbox 56 3396 1070 3609">
    <p class='ocr_par' dir='ltr' id='par_1_9' title="bbox 56 3396 1070 3609">
     <span class='ocr_line' id='line_1_28' title="bbox 59 3396 1069 3467; baseline 0 -15"><span class='ocrx_word' id='word_1_223' title='bbox 59 3414 129 3453; x_wconf 90' lang='lat' dir='ltr'><strong>eorr.</strong></span> <span class='ocrx_word' id='word_1_224' title='bbox 149 3397 256 3452; x_wconf 86' lang='lat' dir='ltr'><strong>Comm.</strong></span> <span class='ocrx_word' id='word_1_225' title='bbox 343 3402 367 3450; x_wconf 90' lang='grc'><strong>9.</strong></span> <span class='ocrx_word' id='word_1_226' title='bbox 391 3396 481 3454; x_wconf 64' lang='lat' dir='ltr'><strong>fluo</strong></span> <span class='ocrx_word' id='word_1_227' title='bbox 518 3397 610 3455; x_wconf 71' lang='grc' dir='ltr'><strong>ΝΞΟ</strong></span> <span class='ocrx_word' id='word_1_228' title='bbox 627 3414 653 3465; x_wconf 90' lang='lat' dir='ltr'><strong>p.</strong></span> <span class='ocrx_word' id='word_1_229' title='bbox 745 3402 786 3452; x_wconf 89' lang='lat'><strong>10.</strong></span> <span class='ocrx_word' id='word_1_230' title='bbox 806 3397 875 3467; x_wconf 82' lang='grc' dir='ltr'><strong>ΚΟ]</strong></span> <span class='ocrx_word' id='word_1_231' title='bbox 895 3397 951 3454; x_wconf 74' lang='grc' dir='ltr'><strong>ΞΟ</strong></span> <span class='ocrx_word' id='word_1_232' title='bbox 968 3397 1069 3465; x_wconf 80' lang='lat' dir='ltr'><strong>Halley</strong></span> 
     </span>
     <span class='ocr_line' id='line_1_29' title="bbox 62 3462 1070 3538; baseline 0.003 -18"><span class='ocrx_word' id='word_1_233' title='bbox 62 3483 125 3523; x_wconf 87' lang='lat' dir='ltr'><strong>eum</strong></span> <span class='ocrx_word' id='word_1_234' title='bbox 144 3468 250 3524; x_wconf 83' lang='lat' dir='ltr'><strong>Comm.</strong></span> <span class='ocrx_word' id='word_1_235' title='bbox 334 3472 374 3522; x_wconf 79' lang='lat'><strong>15.</strong></span> <span class='ocrx_word' id='word_1_236' title='bbox 395 3463 472 3538; x_wconf 75' lang='grc' dir='ltr'><strong>ἐν]ἑ</strong></span> <span class='ocrx_word' id='word_1_237' title='bbox 534 3484 562 3535; x_wconf 91' lang='lat' dir='ltr'><strong>p.</strong></span> <span class='ocrx_word' id='word_1_238' title='bbox 640 3472 682 3522; x_wconf 76' lang='lat'><strong>20.</strong></span> <span class='ocrx_word' id='word_1_239' title='bbox 703 3462 779 3521; x_wconf 78' lang='grc' dir='ltr'><strong><em>ἐστίν</em></strong></span> <span class='ocrx_word' id='word_1_240' title='bbox 798 3469 841 3524; x_wconf 91' lang='lat' dir='ltr'><strong>W.</strong></span> <span class='ocrx_word' id='word_1_241' title='bbox 914 3473 957 3522; x_wconf 76' lang='lat'><strong>28.</strong></span> <span class='ocrx_word' id='word_1_242' title='bbox 977 3470 1070 3523; x_wconf 78' lang='lat' dir='ltr'><strong>‹tal-e</strong></span> 
     </span>
     <span class='ocr_line' id='line_1_30' title="bbox 56 3553 175 3609; baseline 0.025 -18"><span class='ocrx_word' id='word_1_243' title='bbox 56 3553 129 3594; x_wconf 84' lang='lat' dir='ltr'><strong>eerr.</strong></span> <span class='ocrx_word' id='word_1_244' title='bbox 147 3557 175 3609; x_wconf 88' lang='lat' dir='ltr'><strong>p.</strong></span> 
     </span>
    </p>
   </div>
   <div class='ocr_carea' id='block_1_9' title="bbox 0 0 1230 3892">
    <p class='ocr_par' dir='ltr' id='par_1_10' title="bbox 0 0 1230 3892">
     <span class='ocr_line' id='line_1_31' title="bbox 0 0 1230 3892; baseline 0 0"><span class='ocrx_word' id='word_1_245' title='bbox 0 0 1230 3892; x_wconf 95' lang='lat' dir='ltr'><strong> </strong></span> 
     </span>
    </p>
   </div>
  </div>
 </body>
</html>
