2444 3892
409 156 624 210 CONICORUM
641 157 750 208 LIBER
767 158 813 209 IV.
1073 151 1117 219 69

563 316 662 382 XLV.

172 441 206 507 Si
237 440 418 525 hyperbole
447 462 520 506 cum
549 442 653 506 altera
681 440 906 524 oppositarum
933 441 967 505 in
995 441 1120 507 duobus

102 547 234 632 punctis
265 547 427 612 concurrit
455 568 597 612 concaua
625 547 666 611 cd
695 546 822 612 easdem
851 549 960 631 partes
987 536 1120 633 hebens,

103 676 176 719 cunr
196 654 299 718 altera
318 657 425 718 autem
444 654 477 718 in
497 676 571 736 uno,
591 653 690 718 sectio
710 653 741 717 ei
755 653 905 738 opposito
920 674 992 718 cum
1007 658 1121 719 neutra

103 759 327 845 oppositarum
351 764 528 824 concurret.

173 866 242 931 sint
261 866 433 951 oppositae
451 870 526 950 AB,
545 869 582 951 Γ,
600 869 633 930 et
650 865 831 951 hyperbole
849 867 948 930 ΑΓΒ
968 887 1040 930 cunr
1054 871 1120 931 AB

102 973 136 1036 in
155 978 196 1056 A,
214 976 244 1036 Β
264 976 446 1056 concurrat,
468 994 541 1037 curn
560 974 593 1035 Γ
606 975 715 1037 autem
733 972 768 1036 in
786 993 851 1037 uno
870 974 908 1056 Γ,
931 972 1036 1056 sitque
1055 993 1120 1037 sec-

102 1078 187 1143 tioni
205 1080 305 1142 ΑΓΒ
326 1078 477 1163 opposito
498 1084 539 1143 A.
577 1079 658 1161 dico,
681 1083 714 1141 A
733 1100 805 1143 cum
824 1081 940 1144 neutra
958 1078 1121 1162 opposita-

101 1206 174 1248 rum
198 1189 277 1269 AB,
296 1187 329 1249 Γ
348 1206 547 1250 concurrere.

172 1290 331 1355 ducantur
363 1291 450 1354 enim
478 1294 553 1370 ΑΓ,
576 1293 643 1355 ΒΓ
671 1294 703 1354 et
729 1291 960 1376 producamur.
1010 1289 1120 1374 itaque

102 1398 177 1481 ΑΓ,
195 1399 264 1460 ΒΓ
282 1418 355 1461 cum
379 1397 522 1462 sectione
542 1402 575 1460 A
593 1419 659 1462 non
679 1400 870 1463 concurrent
889 1397 945 1479 [II,
963 1396 1031 1476 33].
1066 1417 1120 1460 ue·

102 1523 175 1565 rum
203 1523 245 1566 ne
274 1524 346 1568 cum
370 1505 403 1566 Γ
426 1504 555 1587 quidem
583 1505 726 1569 sectione
754 1505 789 1569 in
814 1504 877 1568 alio
902 1507 1024 1587 puncto
1048 1524 1121 1568 con-

103 1612 233 1673 current
269 1630 306 1674 ec
335 1612 371 1674 Γ.
421 1631 499 1674 nam
527 1611 555 1675 si
584 1611 619 1674 in
649 1611 713 1675 alio
742 1632 870 1696 quoque
897 1612 1018 1693 puncto
1047 1629 1120 1673 con·

103 1718 253 1799 currunt,
282 1736 354 1780 cum
384 1716 536 1801 opposita
558 1721 623 1781 AB
653 1738 720 1782 non
749 1720 942 1782 concurrent
964 1714 1026 1799 [IL
1049 1714 1120 1798 33];

104 1823 139 1885 at
163 1822 404 1905 supposuimus,
428 1844 482 1887 eas
506 1844 579 1887 cum
602 1823 661 1887 illa
684 1844 879 1888 concurrere.
920 1824 1032 1906 itaque
1055 1843 1121 1886 rec-

99 1929 156 1991 tae
184 1930 258 2006 AF,
278 1930 345 1992 ΒΓ
372 1950 444 1993 cum
473 1929 614 1994 sectione
639 1930 671 1991 Γ
694 1928 729 1991 in
754 1950 819 1993 uno
846 1931 967 2010 puncto
991 1929 1024 1990 Γ
1046 1947 1120 1990 con·

100 2036 249 2116 currunt,
278 2055 350 2098 cum
375 2040 408 2098 A
436 2037 545 2099 eutem
574 2033 715 2098 sectione
743 2054 876 2116 prorsus
899 2053 966 2096 non
990 2052 1121 2096 concur·

99 2142 189 2205 runt.
227 2161 327 2223 quare
341 2144 375 2202 A
393 2141 426 2205 in
447 2140 567 2226 angulo
582 2142 678 2203 ΒΓΖ
696 2138 805 2223 posita
824 2140 882 2203 est.
920 2158 997 2222 crgo
1017 2138 1117 2202 sectio

98 2250 134 2313 A
158 2266 231 2309 cum
254 2249 335 2328 AB,
353 2247 386 2308 Γ
404 2267 470 2311 non
495 2247 674 2310 concurret.

556 2420 671 2486 XLVI.

173 2525 208 2591 Si
239 2527 421 2611 hyperbole
454 2549 526 2592 cum
560 2527 662 2592 altera
695 2527 917 2611 oppositarum
950 2527 984 2590 in
1015 2527 1119 2592 tribus

100 2633 231 2718 punctis
260 2635 436 2718 concurrit,
465 2634 567 2699 sectio
596 2636 625 2698 ei
654 2635 805 2718 opposita
833 2655 906 2697 cum
934 2634 1037 2699 altera
1065 2656 1119 2717 op-

100 2738 285 2823 positarum
308 2761 375 2805 non
398 2743 566 2806 concurret
588 2740 653 2804 nisi
676 2741 711 2805 in
733 2763 798 2805 uno
821 2741 951 2823 puncto.
1207 2735 1209 2739 ’

170 2845 236 2910 sint
260 2847 430 2930 oppositae
453 2848 561 2931 ΑΒΓ,
580 2851 693 2931 ΔΒΖ,
717 2849 749 2911 et
772 2845 952 2930 hyperbolc
975 2846 1122 2908 ΑΜΒΓ

100 2972 176 3017 oum
205 2954 309 3015 ΑΒΓ
332 2954 367 3016 in
394 2953 499 3017 tribus
527 2953 656 3036 punctis
684 2959 730 3036 A,
749 2957 790 3037 B,
810 2955 843 3017 Γ
866 2951 1050 3034 concurrat,
1078 2951 1121 3014 sit

100 3060 212 3124 cutem
245 3059 382 3124 sectioni
410 3062 523 3123 ΑΜΓ
553 3060 704 3142 opposita
733 3062 847 3125 ΔΒΚ.
897 3057 982 3141 dico,
1014 3058 1122 3119 ΔΒΚ

101 3185 175 3230 cum
199 3169 300 3229 AEZ
328 3186 395 3230 non
423 3186 614 3229 concurrere
641 3166 675 3231 in
697 3166 845 3249 pluribus
868 3163 997 3248 punctis
1022 3184 1120 3245 quam

101 3291 138 3335 rn
161 3291 236 3334 uno.

169 3398 248 3441 num
272 3377 301 3441 si
325 3377 391 3441 fieri
414 3377 536 3462 potest,
561 3380 734 3442 concurret
756 3377 791 3440 in
814 3380 861 3460 A,
881 3380 923 3460 E,
946 3375 1120 3441 ducantur-

102 3503 165 3568 que
190 3486 268 3562 AB,
287 3487 357 3546 ΔΒ.
