2452 3900
528 151 696 206 ΚΩΝΙΚΩΝ
715 146 753 206 δ’.

605 345 673 430 μεθ’.

192 482 271 554 ’Βάν
299 483 467 574 ὑπερβολη
496 489 577 571 μίαν
606 489 674 553 τῶν
702 481 939 572 ἀντικειμένων
967 485 1051 555 κατὰ
1078 489 1151 555 τέσ-

129 612 221 682 σαμαΙ
239 606 358 680 σημεῖα
380 594 495 681 τέμνη,
519 589 540 679 ή
564 588 776 678 ἀντικειμένη
800 587 884 681 αὐτῇ
909 588 951 660 οὐ
973 608 1150 680 σνμπεσεί·

127 726 181 767 ται
204 702 244 787 τή
269 699 364 790 ἑτέρᾳ
386 701 454 768 τῶν
478 696 727 785 ἀντικειμένων.

93 823 109 872 ο
197 811 345 873 ἔστωσαν
372 802 599 891 ἀντικείμεναι
627 807 665 871 αί
685 810 833 890 ΑΒΓΔ,
857 811 901 891 Β,
923 806 980 873 καὶ
1002 809 1150 894 τεμνέτω

126 910 295 1000 ὑπερβολή
322 908 385 997 τήν
408 916 547 978 ΑΒΓΔ
569 910 652 978 κατὰ
673 910 817 998 τέσσαρα
841 924 960 998 σημεῖα
982 911 1023 979 τὰ
1046 922 1089 999 Α,
1108 920 1150 998 Β,

128 1025 229 1105 Γ,Δ,
252 1018 307 1086 καὶ
330 1016 415 1086 ’έστω
440 1013 543 1102 αὐτῆς
566 1014 777 1103 ἀντικειμένη
801 1013 821 1103 ή
845 1024 887 1086 K.
933 1019 1030 1106 λέγω,
1050 1018 1103 1087 ὅτι
1126 1017 1148 1106 ή

127 1132 163 1192 Κ
185 1122 226 1194 οὐ
250 1137 465 1211 συμπεσεῖται
487 1126 527 1212 τῇ
551 1131 588 1190 Ε.

195 1235 226 1299 εί
248 1229 311 1318 γὰρ
336 1228 499 1315 δυνατόν,
526 1229 734 1316 συμπιπτέτω
758 1228 841 1297 κατὰ
864 1228 901 1299 τὸ
925 1236 974 1318 Κ,
997 1231 1053 1299 καὶ
1076 1233 1149 1300 ἐπε-

75 1357 109 1405 10
129 1336 323 1424 ζεύχθωσαν
352 1340 390 1404 αί
414 1343 495 1420 AB,
523 1341 591 1403 ΓΔ
617 1337 673 1403 καί
701 1334 997 1422 ἐκβεβλήσθωσαν·
1026 1357 1148 1424 συμπε-

128 1447 269 1512 σοῦνται
307 1440 349 1528 δή
387 1440 553 1528 ἀλλήλαις.
609 1443 887 1528 συμπιπτέτωσαν
920 1442 1002 1512 κατά
1034 1442 1073 1512 τὸ
1107 1453 1150 1530 Α,

127 1551 184 1618 καὶ
208 1547 248 1617 ὃν
272 1549 334 1635 μὲν
356 1545 425 1635 ἐ’χει
449 1548 553 1633 λόγου
577 1544 597 1633 ή
619 1554 689 1615 ΑΛ
711 1547 795 1636 πρὸς
813 1556 890 1635 ΑΒ,
914 1550 1012 1636 ἐχέτω
1036 1547 1155 1637 ήΑΠ

127 1654 211 1744 πρὸς
234 1662 319 1740 ΠΒ,
347 1651 389 1723 ὃν
418 1653 456 1720 δὲ
483 1651 504 1740 ή
529 1661 599 1721 ΔΛ
626 1654 711 1739 πρὸς
733 1661 812 1742 ΑΓ,
840 1652 861 1742 ή
886 1663 954 1723 ΔΡ
974 1654 1057 1744 πρὸς
1078 1662 1148 1725 ΡΓ.

128 1758 149 1848 ή
174 1759 240 1848 ἀρα
262 1759 318 1828 διὰ
336 1763 405 1829 τῶν
424 1769 470 1846 Π,
489 1767 519 1827 Ρ
534 1761 759 1847 ἐκβαλλομένη
780 1776 993 1848 συμπεσεῖται
1012 1762 1150 1854 ἕκατέρηι

76 1886 110 1935 15
129 1878 199 1936 τῶν
227 1880 356 1955 τομῶν,
386 1868 443 1936 καὶ
472 1870 509 1935 αί
535 1865 600 1935 ἀπὸ
628 1878 690 1935 τοῦ
719 1874 750 1934 Λ
778 1869 831 1935 ἐπὶ
857 1867 917 1948 τὰς
944 1870 1152 1955 συμπτώσεις

131 1973 330 2063 ἐφάψουται.
380 1974 568 2063 ἐπεζεύχθω
603 1975 645 2060 δή
678 1971 699 2061 ή
729 1980 799 2041 ΚΛ
830 1974 883 2041 καλ
919 1974 1151 2061 ἐκβεβλήσθω

130 2095 223 2169 τεμεῖ
249 2080 291 2168 δή
318 2079 381 2168 τήν
409 2077 476 2149 ὑπὸ
505 2085 611 2147 ΒΑΓ
633 2085 761 2167 γωνίαν
789 2080 845 2147 καὶ
868 2081 928 2160 τάς
949 2082 1053 2168 τομὰς
1075 2080 1148 2150 κατ’

132 2186 215 2257 ἀλλο
240 2188 296 2257 καὶ
321 2188 402 2256 ἀλλο
423 2200 569 2275 σημεῖον.
607 2185 750 2274 τεμνέτω
770 2185 911 2254 κατὰτὰ
932 2194 969 2274 Ζ,
988 2194 1040 2254 Μ·
1060 2193 1153 2257 ἔσται

131 2298 172 2380 δὴ
202 2294 258 2361 διά
285 2294 348 2380 μὲν
370 2293 429 2373 τὰς
451 2299 606 2379 ΑΘΖΗ,
634 2299 670 2359 Κ
691 2291 935 2380 ἀντικειμένας,
964 2290 1009 2373 ὥς
1032 2291 1052 2377 ή
1076 2302 1153 2362 ΝΚ

27 2490 28 2494 ¹
76 2421 111 2468 20
130 2400 214 2488 πρὸς
236 2405 321 2485 ΚΑ,
349 2397 369 2486 ή
393 2407 462 2467 ΝΖ
489 2398 573 2488 πρὸς
597 2405 676 2485 ΖΛ,
706 2397 762 2466 διὰ
786 2399 824 2467 δὲ
850 2399 910 2479 τὰς
932 2405 1085 2487 ΑΒΓΔ,
1108 2409 1151 2488 Ε,

132 2503 177 2586 ὡς
203 2503 223 2592 ή
247 2512 323 2574 ΝΚ
344 2505 427 2595 πρὸς
450 2513 534 2591 ΚΑ,
558 2501 579 2592 ή
602 2511 687 2572 ΝΜ
705 2503 789 2592 πρὸς
814 2512 901 2571 ΜΛ·
924 2503 1004 2594 ὅπερ
1028 2505 1154 2575 ἀδύνα-

117 2628 202 2682 τον.
248 2611 311 2682 οὐκ
334 2613 400 2700 ἀρα
423 2614 461 2679 αί
480 2619 520 2695 Ε,
539 2618 575 2678 Κ
592 2615 838 2698 συμπίπτουσιν
862 2608 1028 2699 ἀλλήλαις.

612 2821 673 2909 με’.

199 2946 278 3016 Ἐἀν
301 2945 470 3036 ὑπερβολή
493 2956 533 3035 τή
558 2947 620 3033 μέν
638 2951 707 3015 τῶν
725 2944 965 3034 ἀντικειμένων
985 2953 1155 3039 συμπίπτῃ

82 3069 117 3119 25
136 3053 219 3124 κατὰ
248 3054 311 3121 δύο
337 3065 456 3139 σημεῖα
480 3054 534 3120 ἐπὶ
556 3055 596 3120 τά
621 3050 706 3121 αὐτὰ
730 3057 853 3140 ἔχουσα
877 3052 960 3143 αὐτή
983 3053 1023 3121 τὰ
1045 3062 1155 3141 κοῖλα,

132 3165 173 3251 τή
197 3159 234 3228 δὲ
257 3155 337 3226 καθ’
364 3162 402 3226 ’ἐν
426 3172 575 3247 σημεῖον,
603 3157 624 3246 ή
649 3157 859 3248 ἀντικειμένη
884 3159 969 3249 αὐτή
993 3159 1155 3254 οὐδετέρᾳ

132 3270 201 3335 τῶν
225 3261 464 3353 ἀντικειμένων
488 3279 713 3354 συμπεσεῖται.

199 3503 243 3556 26.
265 3495 357 3572 καθ’]
378 3494 451 3556 κατὰ
471 3497 503 3555 τό
522 3498 587 3568 Vp,
606 3516 675 3555 corr.
690 3497 801 3566 Halley.
