2444 3892
417 136 633 190 coruoonun
650 138 761 189 uranu
778 137 825 191 Ν.
1088 133 1130 198 51

112 300 224 344 uerum
240 283 302 343 ΖΔ
310 289 345 353 >
356 283 441 358 ΔΜ;
458 299 557 364 quare
573 279 672 344 eiiam
687 283 758 344 ZM
764 289 800 353 >
811 283 881 344 ΜΛ
895 278 1003 363 [ΕυοΙ.
1009 276 1050 365 V,
1067 279 1132 361 14].

112 386 168 451 sed
190 390 326 471 propter
351 387 544 472 parabolam
568 388 618 451 esi
642 388 715 449 ΖΗ
726 416 768 438 ==
783 389 855 451 HA
878 386 1017 473 [1,35];
1044 385 1131 471 quod

111 492 180 557 fieri
202 514 269 559 non
291 494 408 578 polest.
551 562 686 629 XXXIL

178 670 341 736 Parabola
364 670 507 754 ellipsim
529 671 582 734 uel
607 691 720 735 arcum
744 669 855 734 circuli
877 691 943 736 non
962 670 1131 757 continget
1193 724 1198 735 .

110 777 146 838 in
170 776 296 842 duobus
318 777 451 860 punoiis
474 777 564 839 inira
587 797 660 841 eam
683 775 813 841 cadens.

178 883 222 947 sii
245 883 332 947 enim
355 885 462 945 ΑΗΒ
485 880 610 965 ellipsis
634 881 687 946 uel
712 903 806 947 arcus
829 881 948 956 circuli,
973 883 1129 967 parabola

111 991 221 1053 autem
244 991 368 1072 AMB,
405 991 451 1072 et,
481 987 509 1050 si
537 987 608 1051 ficri
630 990 753 1072 polest,
785 989 819 1053 in
848 987 973 1053 duobus
1000 989 1129 1073 punctis

112 1093 308 1179 contingant
329 1098 375 1172 A,
394 1097 436 1179 Β,
459 1093 679 1179 ducanturque
703 1095 745 1159 ab
769 1099 814 1177 A,
832 1099 861 1158 B
884 1096 991 1159 rectae
1015 1094 1129 1158 sectio-

111 1220 171 1262 nes
205 1199 433 1283 conlingenles
466 1202 499 1263 cl
530 1199 565 1264 in
593 1202 624 1262 A
656 1202 897 1280 concurrentes,
930 1204 963 1266 ei
995 1200 1130 1265 ducatur

105 2223 171 2283 AB
200 2222 389 2303 seceturque
416 2217 451 2280 in
475 2221 502 2279 Z
525 2216 560 2280 in
584 2215 662 2280 duas
685 2219 795 2300 partes
821 2216 985 2300 aequales,
1013 2220 1045 2281 cl
1068 2218 1123 2283 du-

105 2328 198 2391 catur
217 2329 295 2409 ΛΖ,
318 2345 357 2388 ea
380 2323 481 2408 igitur
504 2325 674 2406 utramque
694 2321 871 2387 sectionem
889 2322 923 2386 in
942 2321 1006 2387 alio
1027 2326 1124 2408 atque

105 2431 171 2496 alio
194 2436 315 2516 puncto
340 2429 474 2513 secabit,
501 2430 584 2494 sicui
608 2428 747 2493 diximus
772 2430 875 2512 [prop.
898 2426 1031 2510 XXXI}
1076 2451 1124 2496 se·

104 2541 156 2604 cei
178 2538 213 2602 in
235 2541 280 2622 H,
298 2540 346 2616 M,
370 2539 403 2600 ei
425 2539 457 2599 A
463 2539 490 2599 Z
514 2535 554 2600 ad
577 2539 612 2599 A
633 2535 839 2619 producatur,
861 2537 896 2597 A
919 2537 1027 2600 aulem
1049 2556 1123 2601 ocn-

102 2648 192 2708 irum
221 2644 264 2709 sii
292 2643 416 2727 ellipsis
448 2643 499 2707 uel
525 2641 637 2706 circuli
661 2640 813 2725 [11‚29].
858 2640 968 2725 itaque
988 2648 1122 2729 propter

103 2750 245 2834 ellipsim
265 2749 462 2815 circulumue
482 2749 544 2813 erii
563 2748 602 2833 [1‚
621 2747 677 2828 37]
693 2750 764 2810 ΛΔ
778 2769 785 2810 :
800 2750 874 2810 ΔΗ
887 2776 929 2801 ==
941 2752 1021 2817 ΔΙΙ
1028 2774 1037 2815 :
1051 2756 1119 2819 ΔΖ

102 2856 208 2939 [Euol.
228 2855 284 2941 VI,
301 2857 356 2937 17]
368 2886 410 2908 =
421 2858 502 2918 AH:
515 2857 581 2918 HZ
602 2852 706 2933 [Euol.
725 2851 766 2937 V,
782 2854 837 2937 173
854 2851 973 2941 V,16}
1004 2882 1116 2927 nerum

100 2967 173 3029 ΛΔ
190 2972 226 3036 >
247 2966 332 3046 ΛΗ,
361 2982 460 3045 quare
489 2961 588 3025 eiiam
616 2962 691 3022 AH
705 2967 740 3031 >
759 2959 826 3022 ΗΖ
853 2960 955 3043 [Eucl
981 2966 1019 3051 l',
1049 2972 1119 3053 14„

100 3068 158 3134 sed
182 3071 316 3153 propter
338 3067 530 3152 parabolam
555 3068 604 3130 esi
626 3068 708 3129 AM
717 3094 759 3118 =
775 3069 847 3131 ΜΖ
871 3066 911 3157 Π,
931 3074 1001 3161 35⁷¹?
1027 3078 1112 3165 qued

98 3175 172 3240 fieri
194 3197 260 3240 non
283 3177 402 3258 potest.
537 3240 680 3306 XXXIII
973 3142 986 3159 ὁ

168 3351 361 3437 Hyperbola
392 3348 607 3434 hyperbolem
640 3369 707 3412 non
736 3352 898 3445 continget
921 3362 954 3429 in
983 3368 1105 3433 ecee-2

98 3461 229 3546 punctis
252 3458 338 3524 idem
361 3460 507 3523 centrum
531 3454 663 3520 habens.

906 3582 943 3633 μ
