2444 3892
123 173 190 238 228
406 168 669 223 υοιωτωαεειαε
686 166 856 231 κουροι.

122 311 270 382 δυνατὸν
293 312 331 381 δὲ
354 307 465 398 αὐτήν
489 313 745 396 συλλογίζεσθαι
764 304 810 375 δι’
832 303 946 376 αὐτῶν
965 311 1038 376 τῶν
1062 312 1146 398 είρη-

122 421 234 507 μένων
253 422 290 487 έν
309 423 354 511 τῷ
373 418 654 507 πεντεκαιδεκάτῳ
673 413 876 503 θεωρήματι.
914 415 986 482 ἐπεὶ
1000 414 1081 502 γάρ,
1106 413 1147 494 ὡς

123 529 193 594 έκεῖ
209 527 386 610 δέδεικται,
406 527 443 592 αί
461 523 514 591 ἐπὶ
532 519 594 609 τὴν
609 528 679 588 ΔΕ
695 520 916 609 καταγόμεναι
934 523 1145 611 παράλληλοι

123 635 163 720 τῇ
174 641 206 698 Α
211 639 239 699 Β
253 632 416 700 δύνανται
426 628 466 699 τά
480 633 706 716 παρακείμενα
719 625 809 716 παρὰ
824 625 886 715 τήν
895 632 1014 716 τρίτην
1029 626 1145 708 αὐταῖς

89 754 105 802 ο
125 736 294 825 ἀνάλογον
309 739 502 824 γινομένην,
521 737 672 804 τουτέστι
685 733 747 821 τήν
762 742 839 821 ΖΔ,
857 739 959 820 ἔστιν,
982 731 1028 814 ὡς
1042 732 1065 822 ή
1080 742 1113 801 Δ
1119 741 1147 801 Ε

123 845 207 933 πρὸς
228 846 291 933 τήν
313 851 391 930 ΑΒ,
413 841 434 929 ή
459 850 525 910 ΑΒ
548 840 632 931 πρὸς
655 848 733 908 ΔΖ·
762 839 847 909 ὥστε
870 841 952 928 μέση
972 837 1145 927 ἀνάλογόν

125 951 216 1020 ἐστιν
236 948 304 1039 ήΑ
310 959 338 1019 Β
356 954 424 1019 τῶν
442 957 522 1035 ΕΔ,
538 957 571 1016 Δ
578 956 613 1017 Ζ.
648 949 704 1016 καὶ
724 948 780 1016 διὰ
800 952 900 1017 τοῦτο
924 946 979 1014 καὶ
998 950 1038 1015 αί
1049 974 1144 1016 κατα-

124 1056 267 1144 γόμεναι
286 1056 339 1124 ἐπὶ
357 1054 419 1142 τήν
435 1063 499 1123 ΑΒ
517 1055 726 1142 παράλληλοι
739 1057 780 1144 τή
797 1063 829 1122 Δ
835 1061 867 1120 Ε
883 1053 1094 1140 δυνήσονται
1107 1055 1145 1122 τὰ

125 1164 214 1251 παρὰ
234 1163 295 1249 τήν
312 1167 428 1249 τρίτην
448 1159 618 1248 ἀνάλογον
636 1165 863 1248 παρακείμενα
881 1163 949 1227 τῶν
969 1168 1052 1248 ΔΕ,
1070 1168 1144 1246 ΑΒ,

75 1285 109 1334 10
128 1270 278 1338 τουτέστι
300 1265 363 1354 τήν
384 1276 417 1335 Α
423 1275 465 1335 Ν.
503 1266 560 1335 διά
584 1266 744 1354 δήτοῦτο
763 1266 846 1353 μέση
866 1266 1040 1353 ἀνάλογον
1059 1273 1144 1355 γίνέ-

125 1401 179 1442 ται
198 1372 218 1460 ή
239 1382 309 1441 ΛΕ
326 1377 465 1463 δευτέρα
484 1377 660 1462 διάμετρος
677 1377 746 1441 τῶν
764 1381 842 1459 ΒΑ,
861 1380 937 1441 ΑΝ
950 1385 1012 1442 τοῦ
1033 1379 1144 1454 εἴδους

125 1484 289 1567 πλευρῶν.

194 1589 248 1652 δεῖ
279 1585 316 1652 δὲ
343 1586 470 1653 εἰδέναι
498 1585 553 1652 καὶ
581 1589 680 1655 τοῦτο
710 1585 767 1653 διά
794 1584 833 1654 τὸ
862 1583 1050 1673 εὔχρηστον
1077 1590 1142 1654 τῶν

125 1695 363 1778 καταγραφῶν·
392 1693 461 1759 ἐπεὶ
486 1692 551 1780 γὰρ
575 1690 694 1760 ἀνισοί
714 1697 799 1761 είσιν
823 1697 862 1760 αί
880 1699 956 1781 ΑΒ,
980 1700 1054 1760 ΔΕ
1075 1691 1142 1761 διά-

75 1814 108 1863 15
128 1819 254 1883 μετροι·
279 1799 317 1866 έν
340 1797 433 1890 μόνω
458 1798 522 1888 γὰρ
546 1810 591 1891 τῷ
610 1802 721 1892 κύκλῳ
741 1809 810 1868 ίσαι
830 1805 927 1868 εἰσίν·
952 1802 1071 1886 δήλου,
1095 1798 1143 1869 ὅτι

125 1904 146 1991 ἡ
182 1902 243 1992 μέν
279 1903 362 1994 πρὸς
397 1904 504 1995 ὀρθὰς
755 1963 781 2014 Δ

127 2009 274 2099 ἀγομένη
292 2017 332 2102 πή
348 2011 504 2082 ἐλάσσονι
1098 2037 1124 2086 Ζ

128 2116 240 2187 αὐτῶν
260 2116 304 2199 ὡς
319 2122 468 2189 ἐνταῦθα
482 2119 503 2208 ή
1066 2148 1070 2155 ·

127 2233 195 2292 ΔΖ
225 2223 283 2293 ἅτε
306 2232 398 2313 τρίτη
428 2225 505 2294 ἀνά-
537 2258 565 2308 A

74 2347 109 2396 20
128 2341 232 2417 λογον
248 2323 333 2399 οὖσα
346 2337 504 2418 τῶνΛΕ,

127 2445 160 2504 Α
165 2445 194 2504 Β
208 2444 328 2524 μείζων
343 2439 433 2506 ἐστὶν
447 2436 501 2524 ἀμ·
583 2450 606 2501 V

129 2557 221 2631 φοῖν,
245 2541 266 2629 ἡ
291 2543 327 2611 δὲ
350 2543 434 2632 πρὸς
452 2541 504 2631 ὀρ·
743 2540 776 2588 E

128 2652 195 2728 δάς
209 2648 356 2736 ἀγομένη
371 2677 410 2739 τη
425 2656 549 2736 μείζονι
565 2650 610 2734 ὡς
623 2655 772 2721 ἐνταῦθα
786 2651 895 2741 ήΛΝ
906 2655 1014 2725 διὰτὸ
1029 2664 1145 2747 τρίτην

130 2752 300 2842 ἀνάλογον
324 2753 502 2825 εἶναιτῶν
524 2767 601 2845 AB,
622 2767 693 2826 ΛΕ
715 2760 864 2829 ἐλάσσων
889 2764 979 2830 ἐστὶν
1003 2760 1145 2851 ἀμφοῖν·

76 2875 110 2923 25
130 2856 214 2928 ὥστε
233 2863 289 2929 καὶ
303 2866 450 2949 συνεχῶς
463 2861 550 2933 εἷναι
564 2864 622 2945 τὰς
638 2867 801 2955 τέσσαρας
815 2866 998 2955 ἀνάλογον·
1023 2868 1068 2951 ὡς
1082 2871 1145 2960 γὰρ

79 2976 82 2981 ’
129 2962 242 3050 ήΑΝ
256 2966 339 3055 πρὸς
358 2976 441 3057 ΛΕ,
465 2968 574 3057 ήΛΕ
590 2972 674 3061 πρὸς
691 2981 758 3041 ΑΒ
776 2976 832 3042 καὶ
851 2972 871 3062 ή
888 2982 952 3042 ΑΒ
971 2975 1055 3063 πρὸς
1072 2984 1146 3045 ΔΖ.

531 3120 600 3195 Eis
623 3114 668 3183 τὸ
693 3113 745 3197 ιζ’.

191 3210 228 3280 Ὁ
246 3212 306 3300 μὲν
326 3214 510 3305 Εὐκλείδης
531 3224 568 3290 ἐν
587 3233 632 3314 τῷ
653 3221 933 3309 πεντεκαιδεκάτῳ
952 3223 1147 3312 θεωρήματι

130 3324 191 3388 τοῦ
193 3320 343 3427 ’τρίψ-
362 3329 495 3408 βιβλίου
522 3333 580 3416 τής
608 3328 845 3416 στοιχειώσεως
873 3333 1011 3415 ἔδειξεν,
1045 3328 1097 3398 ὅτι
1125 3330 1145 3417 ή

203 3454 227 3502 ὅ.
247 3447 390 3504 τουτέστιν
412 3447 454 3505 W.
509 3451 574 3526 τήν]
593 3455 640 3523 τήι
658 3453 705 3522 W,
723 3453 757 3521 τή
776 3473 804 3523 p,
824 3470 893 3509 corr.
913 3453 1023 3524 Halley.
1080 3457 1146 3527 ΖΔ]

132 3522 157 3570 Δ
177 3534 280 3575 ecorr.
300 3539 326 3591 p.
418 3527 442 3577 8.
462 3523 845 3595 AB]Aecorr.ins›3rib.
866 3524 910 3580 W.
1003 3530 1043 3581 10.
1064 3547 1144 3582 τουτ-
