2444 3892
169 156 211 220 48
566 149 789 207 πεμπάσιν.

236 298 422 383 ἐπεζεύχθω
451 292 472 381 ή
496 301 563 362 ΑΒ
590 293 646 361 καὶ
675 296 751 380 δίχα
777 289 955 379 τετμήσθω
985 289 1076 360 κατά
1099 290 1136 362 τὸ
1157 298 1187 375 Ζ,

168 404 224 471 καὶ
256 401 351 489 ήχθω
380 398 401 487 ή
429 407 503 469 ΛΖ.
549 400 619 468 ἐπεὶ
648 391 712 468 οὖν
740 397 802 467 δύο
829 397 984 486 γραμμαὶ
1013 401 1055 465 αί
1082 404 1186 482 ΑΗΒ,

168 514 279 577 ΑΜΒ
316 506 522 594 ἐφάπτονται
553 502 652 591 άλλή-
1060 538 1096 596 Α

168 622 238 682 λων
268 612 351 681 κατά
379 611 442 681 δύο
470 613 512 678 τά
541 621 589 697 Α,
612 619 651 697 Β,

134 734 149 783 5
170 719 212 788 οὐ
226 718 479 807 συμβάλλουσιν
494 715 653 804 ἀλλήλαις

168 823 247 894 καθ’
274 828 400 912 ἕτερον·
434 820 557 892 ὥστε’
541 851 561 909 η
588 831 653 891 ΛΖ

170 934 328 1019 ἑκατέραν
355 936 424 998 τῶν
447 933 559 1017 τομῶν
581 932 652 1017 τέμ-
733 866 1175 1169 ΑΒ

169 1065 229 1106 νει.
248 1040 391 1125 τεμνέτω
405 1033 593 1121 κατάτάΗ,
602 1042 716 1158 ΜΛ
963 940 1143 1125 χ

170 1148 261 1211 έσται
285 1145 326 1228 δή
352 1140 463 1209 διὰ
428 1169 489 1229 μεν
508 1142 570 1227 τήν
590 1102 716 1208 ἑτέ-Λ

119 1263 152 1312 10
171 1276 235 1334 ραν
258 1246 364 1335 τομήν
387 1244 408 1333 ή
432 1254 509 1314 ΛΗ
530 1250 571 1335 τῆ
593 1253 661 1315 ΗΖ
688 1246 760 1334 ίση,
793 1247 849 1316 διά
878 1248 916 1318 δὲ
937 1248 1003 1336 τήν
1031 1245 1180 1340 ἑτέρανή

170 1362 251 1422 ΛΜ
263 1363 303 1441 τῆ
324 1360 396 1420 ΜΖ
415 1360 486 1437 ίση·
510 1349 590 1440 ὅπερ
609 1351 789 1422 ἀδύνατον
836 1355 897 1422 οὐκ
920 1351 989 1440 ἄρα
1014 1355 1179 1443 παραβολή

172 1465 366 1546 παραβολῆς
389 1459 554 1544 ἐφάψεται
576 1458 660 1531 κατά
683 1465 822 1528 πλείονα
845 1472 967 1547 σημεῖα
990 1455 1011 1546 ἢ
1041 1463 1090 1530 ἓν.

646 1652 731 1721 λα’.’

237 1776 420 1860 Παραβολῆ
436 1771 623 1862 ὑπερβολῆς
638 1774 699 1843 οὐκ
714 1777 876 1862 ἐφάψεται
889 1777 972 1844 κατά
988 1777 1057 1846 δύο
1073 1790 1178 1867 σημεῖα

119 1895 151 1945 15
171 1883 263 1961 ἐκτὸς
286 1879 388 1967 αὐτῆς
410 1885 584 1950 πίπτουσα.

238 1993 320 2056 έστω
339 1986 512 2075 παραβολή
532 1989 594 2075 μέν
613 1986 634 2074 ή
652 1995 767 2073 ΑΗΒ,
786 1987 954 2076 ὑπερβολή
974 1987 1013 2056 δέ
1032 1987 1101 2076 ήΑ
1108 1997 1178 2074 ΜΒ,

170 2095 226 2162 καὶ
259 2099 289 2162 εί
321 2092 485 2178 δυνατόν,
518 2095 784 2181 ἐφαπτέσθωσαν
815 2092 898 2162 κατὰ
926 2092 967 2160 τά
993 2103 1044 2181 A,
1063 2104 1107 2184 Β,
1133 2095 1180 2164 καλ

171 2201 333 2287 ήχθωσαν
367 2198 432 2268 άπὸ
465 2203 532 2267 τῶν
563 2208 608 2284 Α,
628 2206 657 2266 Β
685 2198 910 2287 ἐφαπτόμεναι
938 2200 1096 2288 ἑκατέρας
1122 2207 1181 2271 τῶν

171 2315 217 2390 A,
237 2313 265 2373 B
292 2309 406 2392 τομῶν
435 2309 681 2391 συμπίπτουσαι
708 2305 867 2391 άλλήλαις
891 2304 1036 2374 κατὰτὸ
1060 2315 1108 2394 A,
1134 2307 1181 2375 καλ

119 2427 152 2475 20
172 2411 356 2499 ἐπεζεύχθω
380 2409 401 2496 ή
425 2419 491 2479 ΑΒ
515 2411 570 2478 καί
591 2409 767 2496 τετμήσθω
792 2414 869 2498 Βίχα
891 2410 974 2479 κατά
996 2410 1037 2480 τὸ
1063 2421 1108 2499 Ζ,
1134 2412 1181 2480 καλ

172 2516 357 2604 ἐπεζεύχθω
381 2515 402 2603 ή
426 2523 458 2583 Λ
464 2524 499 2583 Ζ.

238 2625 307 2690 ἐπεὶ
340 2614 402 2690 οὖν
436 2626 472 2689 αί
498 2629 619 2708 ΑΗΒ,
643 2630 753 2690 ΑΜΒ
783 2623 882 2709 τομαὶ
908 2623 991 2691 κατά
1019 2623 1063 2692 τά
1089 2630 1182 2712 Α,Β

172 2728 392 2816 ἐφάπτονται,
419 2724 492 2796 κατ’
523 2727 605 2796 άλλο
632 2728 673 2796 οὐ
698 2728 962 2816 συμβάλλουσιν·
990 2727 1011 2815 ή
1036 2728 1104 2818 άρα
1126 2735 1183 2799 ΛΖ

170 2833 244 2903 κατ’
270 2833 352 2902 άλλο
381 2834 436 2900 καλ
459 2832 541 2902 άλλο
567 2835 679 2921 τέμνει
702 2833 761 2915 τὰς
783 2834 893 2922 τομάς.
938 2838 1084 2922 τεμνέτω
1108 2833 1184 2905 κατὰ

120 2956 154 3005 25
173 2939 212 3009 τά
236 2947 281 3025 Η,
301 2946 349 3025 Μ,
372 2940 427 3006 καλ
448 2940 752 3027 προσεκβεβλήσθω
771 2937 792 3027 ή
811 2948 888 3009 ΛΖ·
907 2948 1055 3010 πεσείται
1075 2940 1119 3030 δὴ
1137 2940 1184 3010 ἐτλ

170 3045 209 3115 τὸ
232 3047 371 3132 κέντρον
394 3049 453 3132 τῆς
475 3043 671 3133 ὑπερβολῆς.
708 3052 792 3114 ἐστω
813 3048 953 3135 κέντρον
970 3048 1010 3115 τὸ
1030 3057 1077 3115 Δ·
1099 3053 1185 3117 ἔσται

172 3156 214 3237 Βη
243 3153 298 3219 διὰ
327 3151 388 3238 μὲν
415 3150 478 3238 τήν
503 3149 708 3241 ὑπερβολήν,
736 3150 781 3233 ὡς
802 3149 915 3239 ή’ΖΔ
936 3151 1021 3240 πρὸς
1045 3161 1140 3239 ΔΜ,
1166 3147 1184 3237 ἡ

242 3412 383 3487 8.άτ]ρ,
407 3412 491 3472 cdv
584 3423 625 3472 11.
651 3414 814 3489 οὐκ]ορν;
838 3433 920 3474 enan
935 3418 968 3486 V,
989 3417 1054 3475 add
1074 3436 1132 3490 mg.
1151 3435 1184 3472 m.

170 3501 224 3539 rec.
297 3504 375 3554 παρα
377 3490 426 3558 βολ
428 3487 505 3559 ή]ρ,
524 3502 578 3542 om
594 3489 626 3544 V
