2444 3892
459 176 687 233 FRAGMENTA.
1014 177 1079 243 139

137 317 201 385 cfr.
228 321 336 386 Procli
362 321 586 405 hypotyposes
618 343 649 403 p.
678 321 740 386 128
769 320 817 385 ed.
844 321 977 388 Halma:
1010 325 1079 387 ἔστι

69 422 130 509 μὲν
150 415 212 490 ούν
228 419 454 492 Ἀπολλωνίου
472 424 533 491 τού
547 429 720 511 Περγαίου
742 427 779 490 τὸ
799 422 937 513 εὕρημα,
960 431 1078 514 χρῆται

68 529 106 597 δὲ
129 528 219 620 αύτῷ
243 527 261 596 ὁ
286 537 493 615 Πτολεμαῖος
516 529 552 597 έν
575 533 620 619 τῷ
646 527 694 615 ιβ’
718 539 776 615 τῆς
800 530 991 613 συντάξεως.
1121 520 1124 527 ’

134 640 185 704 60.
209 639 406 724 Hippolytus
426 639 555 703 refutat.
574 639 718 702 omnium
736 638 859 704 haeres.
872 639 929 719 IV,
949 643 968 707 8
989 666 1020 727 p.
1035 644 1077 708 66

68 743 114 807 ed.
137 744 298 810 Duneker:
1114 760 1130 809 5

136 847 202 914 Καὶ
226 845 402 933 ἀπόστημα
425 846 463 914 δέ
487 845 551 913 ἀπὸ
575 857 633 932 τῆς
656 849 853 932 ἐπιφανείας
870 858 929 933 τῆς
947 860 1007 936 γῆς
1025 851 1078 918 ἐπὶ

70 954 129 1017 τὸν
149 957 345 1037 σεληνιακὸν
364 953 489 1020 κύκλον
509 950 526 1020 ὁ
547 951 608 1038 μέν
622 951 754 1038 Σάμιος
768 948 979 1041 Ἀρίσταρχος
999 952 1079 1022 ἄνα·

70 1057 192 1144 γράφει
216 1064 362 1127 σταδίων
472 1055 490 1127 ὃ
514 1057 552 1126 δὲ
571 1058 792 1138 Ἀπολλώνιος
815 1058 990 1146 μυριάδων
1012 1065 1047 1144 ᾧ.

134 1165 183 1231 De
202 1189 335 1231 numero
355 1171 411 1231 aut
429 1171 580 1252 corrupto
600 1171 657 1232 aut
675 1169 716 1233 ab
734 1168 914 1252 Hippolyto
930 1170 1015 1234 male
1028 1169 1079 1233 iu-

66 1273 197 1338 telleeto
216 1297 245 1338 u.
261 1273 412 1357 Taunery
431 1273 602 1338 Me'moires
618 1274 656 1338 de
672 1275 704 1340 la
719 1276 839 1339 soeie'ta
861 1274 916 1339 des
936 1275 1076 1340 saienees
1098 1287 1134 1336 10

65 1379 242 1464 physiques
263 1384 296 1443 et
309 1380 482 1444 naturelIes
500 1380 539 1444 de
557 1379 738 1466 Bordeaux,
757 1382 791 1445 2θ
807 1382 897 1463 serie,
917 1380 991 1465 Vp.
1003 1382 1078 1446 254.

132 1487 183 1550 61.
214 1485 419 1550 Ptolemaeus
444 1485 597 1552 Chennus
622 1487 707 1571 apud
731 1488 884 1552 Photium
908 1488 975 1554 eod.
994 1486 1077 1554 CXO

65 1614 96 1675 p.
118 1592 205 1656 151b
232 1593 272 1656 18
297 1592 345 1656 ed.
367 1592 509 1657 Bekker:

128 1692 348 1775 Ἀπολλοόνιος
372 1693 402 1762 δ’
425 1693 443 1764 ὁ
466 1697 502 1763 ἐν
520 1708 591 1775 τοίς
607 1700 668 1764 τοῦ
690 1697 922 1786 Φιλοπάτορος
939 1696 1077 1787 χρόνοις

65 1797 114 1869 ἐπ’
137 1800 342 1891 ἀστρονομία
364 1800 562 1890 περιβόητος
583 1801 731 1888 γεγονὼς
753 1808 771 1870 ἒ
797 1804 959 1890 ἐκαλεῖτο,
988 1805 1074 1873 διότι
1095 1819 1128 1868 15

66 1911 103 1975 τὸ
127 1911 234 1994 σχῆμα
256 1911 317 1975 τοῦ
340 1912 357 1974 ἑ
380 1908 659 1995 συμπεριφέρεται
682 1911 727 1998 τςό
749 1913 807 1994 τῆς
826 1909 978 1995 σελήνης,
1000 1912 1076 1996 περὶ

66 2010 110 2097 ἣν
129 2016 252 2093 ἐκεῖνος
275 2013 416 2099 μάλιστα
440 2012 615 2099 ἠκρίβωτο.

498 2190 646 2274 Optiea.

133 2318 184 2382 62.
203 2316 433 2400 Fragmentum
450 2314 715 2380 mathematicum
725 2315 888 2380 Bobiense
902 2317 1076 2403 ed.Belger

66 2422 205 2489 Hermes
214 2422 294 2487 XVI
303 2445 333 2506 p.
343 2423 461 2507 arasq.
476 2421 573 2506 (quae
588 2423 671 2487 male
687 2422 812 2507 legerat
825 2422 891 2507 ille,
906 2425 1074 2490 emendaui
1094 2441 1129 2490 νο

64 2529 218 2594 Zeitsahr.
233 2529 361 2595 ruath.
371 2553 401 2593 u.
411 2529 507 2612 Phys.
518 2527 672 2612 XXVIII,
686 2528 761 2594 hist.
776 2528 876 2593 Abth.
886 2553 916 2614 p.
930 2528 1075 2617 124sq.):

132 2636 176 2699 Οί
191 2632 253 2719 μὲν
273 2624 335 2701 οόν
353 2634 488 2700 παλαιοὶ
506 2629 676 2717 ὑπέλαβον
694 2630 757 2718 τὴν
772 2634 889 2714 ἔξαψιν
908 2642 1076 2701 ποιεῖσθαι

63 2739 139 2827 περὶ
170 2743 207 2806 τὸ
239 2741 380 2827 κέντρον
412 2750 473 2805 τοῦ
505 2737 710 2826 κατόπτρου,
746 2741 844 2806 τούτο
882 2738 918 2806 δὲ
950 2742 1076 2821 ψεῦδος

33 2840 342 2925 ’Ἀπολλώνιος
371 2845 460 2932 μύλα
491 2844 635 2925 δεόντως
664 2896 760 2914 .....
791 2844 848 2934 (ἐν
877 2846 942 2937 τῷ)
973 2846 1076 2934 πρὸς

61 2951 157 3032 τούς
179 2951 468 3040 κατοπτρικούς
491 2953 627 3037 ἔδειξεν,
650 2953 704 3019 καὶ
728 2953 802 3038 περὶ
820 2956 896 3019 τίνα
915 2952 952 3020 δὲ
970 2951 1075 3021 τόπον
1094 2969 1129 3018 25

62 3055 84 3143 ἡ
115 3059 299 3142 ἐκπύρωσις
328 3063 434 3143 ἔσται,
472 3057 718 3144 διασεσόφηκεν
752 3060 788 3125 ἐν
815 3060 860 3147 τῷ
889 3058 978 3145 περὶ
1005 3062 1076 3126 τού

61 3169 164 3251 πυρί
167 3190 220 3230 ου.
248 3160 287 3230 ὃν
303 3163 480 3248 δὲτρόπον
495 3161 788 3249 ἀποδεικνύουσιν,
804 3160 845 3232 ού
860 3166 916 3230 δια
928 3216 1015 3232 .......
1026 3167 1074 3250 δε,

63 3266 161 3337 δκαλ
187 3272 357 3358 δυσέργως
378 3271 433 3337 καὶ
458 3271 514 3336 διδι
539 3271 752 3357 μακροτέρων
781 3275 987 3356 συνίστησιν.
1034 3270 1075 3338 ού

65 3376 132 3464 μὴν
156 3375 240 3443 ἀλλὰ
267 3374 326 3456 τὰς
354 3376 414 3462 μὲν
441 3372 498 3443 ὑπ’
525 3374 631 3443 αύτού
652 3377 868 3462 κομιζομένας
891 3373 1075 3458 ἀποδείξεις

63 3488 230 3571 παρῶμεν.
1093 3507 1127 3556 30
