2444 3892
409 176 624 231 comconun
640 178 751 230 LIBER
767 179 815 231 IV.
1073 177 1118 240 57

170 319 238 382 sint
266 319 436 405 oppositae
465 320 624 385 sectiones
653 324 700 405 A,
718 323 863 406 AEFZ,
890 321 997 407 sitque
1019 325 1119 385 ΑΒΖ

101 424 177 490 coni
206 426 306 490 sectio
334 426 388 490 uel
417 447 510 491 arcus
535 426 648 491 circuli
672 448 746 492 cum
768 428 871 492 alteru
893 427 1118 512 oppositarum

102 553 297 605 concurrens
317 532 352 596 in
370 532 495 598 duobus
514 532 643 618 punctis
658 537 700 617 A,
714 535 752 616 Z,
771 535 804 596 et
817 536 883 596 AB
889 536 927 617 Z,
940 537 1038 599 ΑΓΖ
1052 556 1118 600 sec·

98 637 206 703 tiones
226 659 370 703 concaua
389 638 430 704 ad
450 640 578 704 easdem
592 643 703 723 partes
717 637 869 704 habeant.
899 639 980 726 dico,
998 641 1118 706 lineam

100 748 200 809 ΑΒΖ
224 745 416 828 productam
439 767 513 810 cum
537 750 570 809 A
593 767 660 810 non
683 765 883 811 concurrere.

170 849 306 916 ducatur
326 852 412 915 enim
435 855 468 914 A
474 855 510 914 Z.
548 853 582 914 et
600 849 754 934 quoniam
774 853 816 933 A,
834 851 932 912 ΑΓΖ
951 853 1121 935 oppositae

103 958 193 1042 sunt,
220 959 253 1019 et
275 960 365 1021 recta
390 961 453 1020 AZ
476 957 510 1020 in
533 955 658 1021 duobus
680 955 811 1041 punctis
834 955 1049 1040 hyperbolum
1071 978 1120 1021 se·

104 1066 167 1146 cat,
189 1061 348 1145 producta
371 1082 444 1126 cunr
468 1062 619 1146 opposita
638 1067 672 1125 A
693 1082 760 1126 non
783 1063 955 1126 concurret
978 1061 1124 1146 [11,33].

106 1188 182 1252 ergo
206 1189 248 1232 ne
272 1167 357 1232 linea
378 1171 479 1231 ΑΒΖ
503 1166 631 1252 quidem
654 1188 727 1231 cum
750 1172 784 1230 A
807 1170 986 1234 concurret.

528 1483 694 1550 XXXVII.

169 1623 203 1690 Si
236 1626 310 1690 coni
342 1626 443 1691 sectio
476 1627 530 1691 uel
563 1647 655 1691 arcus
688 1626 799 1691 circuli
829 1650 903 1693 oum
931 1629 1034 1694 altera
1062 1652 1118 1714 op-

99 1731 282 1817 positarum
312 1731 486 1816 concurrit,
514 1752 586 1796 cum
614 1732 740 1816 reliqua
763 1755 874 1798 carum
897 1755 964 1799 non
987 1757 1122 1801 concur-

101 1843 153 1904 ret
176 1841 210 1904 in
232 1838 379 1922 pluribus
403 1839 532 1922 punctis
556 1860 655 1921 quum
678 1839 713 1902 in
738 1837 872 1904 duobus.

809 1944 876 2006 sint
894 1938 1065 2027 oppositae
1079 1951 1123 2028 A,

742 2050 771 2109 Β
777 2096 786 2128 ,
822 2050 854 2110 ct
884 2068 957 2110 cum
985 2053 1017 2110 A
1047 2071 1123 2114 con-

743 2155 852 2216 currat
867 2152 940 2216 coni
955 2154 1056 2217 sectio
1068 2156 1119 2219 uel

744 2278 837 2322 arcus
877 2256 989 2323 circuli
1020 2263 1129 2325 ΑΒΓ

744 2367 894 2447 secetque
933 2367 1119 2451 oppositam

743 2474 772 2533 Β
786 2470 820 2534 in
835 2473 919 2555 B,I'.
953 2471 1121 2559 dico,ccm

743 2598 816 2642 cum
826 2580 892 2641 ΒΓ
903 2577 936 2642 in
951 2578 1041 2642 nullo
1054 2580 1122 2644 alio

661 2659 695 2702 Δ
742 2686 863 2767 puncto
888 2704 1089 2750 concurrere.

171 2815 248 2857 nam
271 2793 300 2857 si
321 2793 391 2857 ficri
415 2795 534 2876 potest,
557 2792 728 2857 concurrat
750 2789 784 2854 in
808 2793 849 2855 A.
895 2791 997 2853 ΒΓΔ
1019 2790 1124 2873 igitur

102 2921 177 2967 oum
205 2900 349 2965 sectione
372 2901 439 2963 ΒΓ
463 2900 498 2964 in
524 2898 671 2983 pluribus
698 2896 827 2981 punctis
856 2918 953 2980 quarn
981 2897 1017 2960 in
1043 2895 1121 2961 duo·

101 3007 165 3072 bus
194 3007 357 3072 concurrit
385 3026 527 3070 concaua
556 3005 595 3070 ud
620 3003 749 3070 easdem
772 3006 882 3087 partes
905 3024 973 3067 non
996 3003 1122 3067 habens

102 3115 209 3198 [prop.
227 3110 398 3196 XXXVI];
423 3112 508 3196 quod
531 3112 602 3176 ficri
626 3132 692 3176 non
715 3113 825 3194 potest
849 3111 952 3194 [prop.
971 3107 1123 3190 XXXV}

171 3220 321 3284 similiter
353 3220 463 3282 autem
496 3216 804 3300 demonstrabimus,
835 3216 935 3281 etiam
972 3216 1000 3280 si
1033 3216 1123 3282 lineo

101 3328 206 3390 ΑΒΓ
226 3324 410 3410 oppositam
434 3323 605 3406 contingit.
