2444 3892
553 137 721 193 mmm
740 133 780 193 δ’.

633 354 696 404 κς.

219 453 298 523 Ἐὰν
325 457 394 522 τῶν
423 455 608 542 εἰρημένων
636 458 798 543 γραμμῶν
821 479 910 533 τινες
931 453 1019 523 καθ’
1042 459 1084 524 ἓν
1108 456 1179 544 ἐφί-

156 586 302 629 πτωνται
330 573 469 647 σημεῖον
497 559 668 648 ἀλλήλων,
698 557 740 628 ού
766 560 1025 646 συμβάλλουσιν
1054 563 1179 644 ἑαυταῖς

154 664 233 734 καθ’
257 669 350 755 έτερα
373 680 492 754 σημεῖα
515 671 654 734 πλείονα
677 662 698 753 ἢ
723 665 795 734 δύο.

121 789 137 837 5
223 774 488 859 ἐφαπτέσθωσαν
515 772 579 859 γὰρ
608 771 764 859 ύλλήλων
790 770 878 851 τινές
905 773 970 840 δύο
999 777 1077 842 τῶν
1101 780 1176 864 είρη·

155 879 266 965 μένων
299 883 462 967 γραμμῶν
494 877 576 947 κατὰ
602 878 640 947 τὸ
669 887 701 946 A
729 892 877 965 σημεῖον.
922 879 1029 967 λέγω,
1063 879 1117 949 ὅτι
1143 878 1175 949 ού

155 985 385 1073 συμβάλλουσι
408 982 479 1052 κατ’
501 986 586 1052 ἄλλα
609 998 729 1072 σημεῖα
751 990 890 1053 πλείονα
912 980 934 1070 ἢ
959 985 1038 1055 δύο.

221 1098 253 1160 εί
273 1091 338 1181 γῶρ
363 1089 521 1177 δυνατόν,
546 1090 826 1178 συμβαλλέτωσαν
848 1089 931 1159 κατὰ
955 1089 998 1160 τὰ
1022 1100 1069 1180 Β,
1085 1099 1125 1181 Γ,
1137 1100 1172 1178 Δ,

154 1199 208 1266 καὶ
232 1203 381 1266 ἔστωσαν
404 1199 442 1264 αί
462 1196 669 1282 συμπτώσεις
692 1198 810 1283 ἐφεξῆς
826 1194 989 1283 ἀλλήλαις
1007 1202 1172 1287 μηδεμίαν

103 1320 136 1369 10
154 1303 275 1394 μεταξὺ
300 1308 580 1392 παραλείπονσαι,
607 1303 663 1370 καὶ
691 1301 878 1390 ἐπεζεύχθω
905 1299 926 1389 ἡ
949 1310 1022 1371 ΒΓ
1046 1308 1106 1374 καί
1132 1308 1172 1374 ἐκ·

154 1413 349 1497 βεβλήσθω,
393 1409 448 1477 καὶ
490 1407 556 1476 ύπὸ

153 1522 215 1583 τοῦ
262 1526 295 1582 A
345 1513 556 1602 ἐφαπτομένη

153 1620 248 1715 ἤχθω
264 1618 284 1707 ἡ
298 1627 375 1687 ΑΛ·
395 1618 557 1706 ἐφάψεται

154 1729 196 1811 δὴ
216 1728 284 1794 τῶν
299 1725 362 1793 δύο
374 1737 487 1812 τομῶν
499 1728 555 1795 καὶ

101 1847 134 1898 15
154 1845 367 1917 συμπεσεῖται
402 1837 442 1923 τῇ
479 1840 556 1902 ΓΒ.

154 1938 364 2027 συμπιπτέτω
374 1938 504 2009 κατὰτὸ
516 1949 556 2027 Λ,

152 2046 208 2113 καὶ
222 2045 386 2133 γινέσθω,
401 2044 445 2127 ῶς
459 2043 480 2134 ἡ
495 2053 555 2114 ΓΛ

152 2152 236 2240 πρὸς
252 2160 327 2238 ΛΒ,
350 2151 370 2239 ή
388 2158 457 2220 ΓΠ
472 2153 556 2238 πρὸς

152 2266 236 2344 ΠΒ,
254 2259 310 2326 καὶ
329 2257 515 2344 ἐπεζεύχθω
534 2255 555 2344 ἡ

99 2379 133 2426 20
151 2371 227 2430 ΑΠ
249 2363 305 2430 καὶ
327 2363 555 2451 ἐκβεβλήσθω·

151 2483 366 2554 συμπεσεῖται
406 2469 448 2558 δὴ
484 2481 555 2548 ταῖς

151 2588 277 2663 τομαῖς,
292 2575 348 2642 καὶ
358 2580 395 2643 αί
405 2574 471 2644 ἀπὸ
486 2585 555 2644 τῶν

151 2681 373 2768 σνμπτῶσεων
402 2683 455 2749 ἐπὶ
481 2681 519 2749 τὸ
544 2686 575 2747 Λ
603 2678 790 2767 ἐφύψονται
817 2685 885 2749 τῶν
913 2692 1036 2768 τομῶν.
1080 2685 1166 2769 ἐκβε-

36 2824 39 2829 ·
150 2789 290 2877 βλήσθω
304 2789 359 2855 καὶ
374 2784 582 2873 συμπιπτέτω
593 2786 676 2853 κατὰ
690 2786 730 2852 τὰ
741 2791 779 2872 Θ,
791 2794 827 2872 P,
841 2786 897 2853 καί
912 2785 1164 2874 ἐπεζεύχθωσαν

99 2909 133 2959 νο
152 2899 189 2963 αί
210 2902 286 2989 ΘΛ,
301 2900 378 2961 ΛΡ·
403 2893 590 2980 ἐφύψονται
613 2890 655 2978 δὴ
680 2883 779 2959 αὗται
801 2894 869 2961 τῶν
891 2902 1012 2979 τομῶν.
1058 2890 1079 2980 ή
1103 2892 1167 2982 ἄρα

151 3000 215 3070 ἀπὸ
244 3004 306 3069 τοῦ
331 3009 364 3067 Δ
389 2999 441 3067 ἐπὶ
464 3000 501 3066 τὸ
527 3005 558 3065 A
586 2997 843 3086 ἐπιζευγνυμένη
870 2997 981 3086 τέμνει
1009 2997 1167 3088 ἑκατέραν

150 3111 218 3174 τῶν
249 3111 376 3194 τομῶν,
413 3104 468 3172 καὶ
501 3103 705 3191 συμβήσεται
737 3103 778 3170 τὰ
810 3104 975 3192 πρότερον
1008 3105 1167 3193 εἰρημένα

149 3210 264 3281 ἄτοπα.
318 3211 381 3280 οὐκ
417 3209 483 3296 ἄρα
519 3208 700 3297 τέμνουσιν
739 3208 883 3296 ἀλλήλας
913 3207 996 3278 κατὰ
1028 3217 1168 3281 πλείονα

148 3331 267 3402 σημεῖα
290 3314 311 3402 ή
335 3317 406 3385 δύο.

221 3478 244 3528 7.
264 3471 295 3545 ή]
315 3494 342 3545 p,
362 3492 416 3533 om.
432 3475 465 3532 V.
540 3481 582 3530 14.
603 3473 669 3547 δύο]
689 3475 710 3533 ἳι
725 3476 758 3531 V.
