2444 3892
155 160 219 225 156
435 161 698 214 οοιωιωνοειιιε
715 161 882 224 mmm.

220 300 264 388 η’.
298 301 366 369 Διὰ
390 301 452 388 μὶν
476 293 539 369 οὖν
562 303 623 368 τοῦ
646 301 862 387 συνημμένου
884 298 999 386 λόγου,
1024 297 1075 380 ὡς
1092 325 1175 391 προ-

153 409 346 494 γέγραπται,
365 413 449 475 ἔστω
470 407 507 474 δὲ
526 417 592 475 νῦν
611 404 784 488 ἀποδείξαι
803 404 847 493 μὴ
866 406 1173 495 προσχρησάμενον

153 518 199 605 τῷ
225 515 425 604 συνημμένῳ
450 512 548 604 λόγῳ.

220 625 346 688 κείσθω
377 622 423 711 τῳ
457 618 518 706 μὲν
548 616 613 686 ὑπὸ
647 626 752 687 ΒΓΗ
783 628 859 687 ίσον
891 622 928 686 τὸ
956 615 1022 687 ὑπὸ
1053 627 1172 688 ΑΓΚ·

121 741 137 789 5
157 731 247 794 ἔστιν
266 723 343 812 ἄρα,
368 723 412 804 ὡς
430 722 450 812 ἡ
470 731 538 792 ΒΓ
555 729 637 810 πρὸς
655 722 717 812 τὴν
737 731 813 810 ΓΚ,
838 723 943 803 οὕτως
961 721 982 809 ἡ
1002 731 1073 793 ΑΓ
1090 731 1173 812 πρὸς

155 831 217 920 τὴν
232 838 308 900 ΓΗ.
345 835 390 922 τῷ
411 832 448 899 δὲ
467 831 532 898 ὑπὸ
552 838 649 899 ΕΖΘ
672 840 748 898 ίσον
766 836 891 898 κείσθω
910 833 947 897 τὸ
966 827 1033 898 ὑπὸ
1056 839 1171 899 ΔΖΛ·

156 945 247 1007 ἔστιν
265 936 342 1025 ἄρα,
363 935 407 1018 ὡς
425 935 445 1024 ἡ
464 945 525 1005 ΕΖ
545 937 628 1025 πρὸς
648 945 723 1023 ΖΛ,
748 935 855 1017 οὕτως
873 933 894 1025 ἡ
914 944 980 1005 ΔΖ
999 936 1085 1026 πρὸς
1105 945 1172 1005 ΖΘ.

155 1042 327 1114 ὑπόκειται
343 1046 390 1130 δι’,
408 1042 452 1123 ὡς
465 1046 503 1112 τὸ
518 1042 583 1113 ὑπὸ
599 1050 711 1131 ΒΓΗ,
730 1071 823 1113 τουτ-

156 1152 247 1219 έστιν
261 1152 298 1218 τὸ
312 1147 377 1217 ὑπὸ
393 1156 506 1235 ΑΓΚ,
521 1150 604 1234 πρὸς
616 1151 654 1218 τὸ
672 1148 736 1218 ιἰτιό
748 1158 780 1217 Α
786 1156 823 1236 Γ,

103 1272 138 1323 10
156 1259 327 1325 τουτέστιν
347 1253 391 1334 ὡς
409 1253 514 1342 ηΚΓ
526 1255 609 1341 πρὸς
625 1261 695 1342 ΓΑ,
719 1256 825 1336 οὕτως

155 1362 193 1430 τὸ
208 1360 274 1430 ὑπὸ
285 1369 391 1447 ΕΖΘ,
404 1363 576 1429 τουτέστιν
589 1360 627 1430 τὸ
640 1360 705 1431 ὑπὸ
718 1370 824 1446 ΔΖΑ,
862 1426 896 1475 B

156 1465 240 1555 πρὸς
262 1466 300 1534 τὸ
324 1465 390 1534 ἀπὸ
414 1475 495 1552 ΑΖ,
519 1471 690 1536 τουτέστιν
714 1468 734 1553 ἡ
759 1476 824 1535 ΑΖ
1000 1464 1037 1511 ff

155 1571 239 1657 πρὸς
259 1579 334 1639 ΖΑ.
370 1570 454 1639 ἀλλὰ
477 1572 533 1638 καί
554 1569 599 1651 ὡς
617 1571 638 1659 ἡ
656 1579 724 1641 ΒΓ
741 1572 825 1660 πρὸς
981 1593 1008 1635 Δ

156 1683 231 1762 ΓΑ,
264 1675 370 1756 οὕτως
392 1674 413 1759 ἡ
438 1685 499 1743 ΕΖ
523 1676 605 1764 πρὸς
629 1686 696 1746 ΖΑ
721 1682 825 1764 [ΕιιοΙ.

103 1799 136 1847 16
155 1784 216 1869 VI,
240 1787 275 1866 4]
305 1783 361 1850 διὰ
380 1781 441 1869 τὴν
470 1783 662 1872 ὁμοιότητα·
695 1786 750 1852 καὶ
780 1783 825 1864 ὡς
855 1833 885 1881 Ε

156 1887 221 1975 ἄρα
245 1887 265 1976 ἡ
289 1895 355 1958 ΒΓ
374 1889 458 1977 πρὸς
481 1897 559 1976 ΓΚ,
589 1891 695 1970 οὕτως
717 1888 738 1978 ἡ
762 1898 824 1959 ΕΖ

155 1994 239 2082 πρὸς
254 2004 318 2064 ΖΑ
338 1999 490 2084 [Eucl.V,
505 2003 574 2082 22].
610 1996 683 2066 ἀλλ’
701 1995 745 2076 ὡς
762 1996 824 2084 μὲν

155 2099 176 2188 η
198 2109 264 2170 ΒΓ
283 2105 365 2192 πρὸς
389 2110 470 2187 ΓΚ,
495 2105 600 2183 οὕτως
623 2108 758 2191 ἐδείχθη
782 2100 803 2190 ἡ
827 2109 896 2170 ΑΓ
914 2101 998 2191 πρὸς
1022 2111 1105 2190 ΓΗ,
1129 2101 1175 2184 ὡς

157 2208 194 2276 δὲ
212 2208 233 2295 ἡ
249 2218 311 2276 ΕΖ
329 2209 412 2296 πρὸς
426 2218 502 2294 ΖΛ,
522 2209 628 2289 οὕτως
646 2208 667 2296 ἡ
682 2217 749 2276 ΑΖ
767 2208 850 2296 πρὸς
870 2216 943 2276 ΖΘ·
966 2211 1022 2276 καὶ
1042 2207 1088 2291 ὡς
1108 2209 1174 2298 ἄρα

101 2332 136 2380 20
155 2314 175 2400 η
195 2323 264 2383 ΑΓ
282 2314 365 2402 πρὸς
379 2321 456 2401 ΓΗ,
481 2317 587 2393 οὕτως
605 2311 625 2399 η
642 2322 708 2381 ΔΖ
726 2312 808 2402 πρὸς
828 2323 897 2382 ΖΘ.
929 2316 1080 2402 καὶπερὶ
1100 2325 1175 2397 ίσιις

155 2426 293 2504 γωνίας·
317 2419 437 2507 ὅμοιον
456 2419 521 2502 ἄρα
541 2419 631 2487 ἐστὶν
650 2418 688 2487 τὸ
703 2427 809 2487 ΑΓΗ
826 2426 993 2509 τρίγωνον
1010 2425 1056 2513 τῳ
1072 2430 1175 2490 ΔΖΘ

154 2525 308 2616 τριγώνῳ
333 2528 437 2609 [Eucl.
456 2528 513 2614 VI,
533 2529 578 2610 6}

223 2629 347 2716 ὁμοίως
374 2632 428 2699 καὶ
452 2630 490 2700 τὸ
513 2639 618 2700 ΑΗΒ
641 2635 686 2725 τῷ
710 2639 828 2717 ΔΘΕ,
858 2630 908 2700 ὅτι
932 2633 1048 2702 καὶτὸ
1074 2641 1179 2703 ΑΒΓ

154 2738 200 2801 τῶ
225 2741 334 2802 ΑΕΖ.

962 1867 984 1920 θ

1041 1965 1076 2014 Λ

101 2893 137 2944 25
223 2876 272 2943 θ’.
296 2874 404 2942 Ἔστω
429 2874 548 2963 ὅμοιον
567 2876 605 2945 τὸ
624 2876 686 2962 μὲν
701 2884 804 2945 ΑΒΓ
820 2884 988 2966 τρίγωνον
1007 2889 1054 2972 τῳ
1069 2888 1175 2949 ΔΕΖ

155 2981 323 3068 τριγώνῳ,
351 3007 388 3049 το
413 2982 450 3050 δὲ
473 2989 578 3050 ΑΗΒ
601 2987 647 3074 τῷ
672 2991 786 3052 ΔΕΘ·
820 2984 871 3052 ὅτι
892 2990 1037 3072 γίνεται,
1066 2984 1112 3067 ὥς
1134 2988 1173 3056 τὸ

156 3085 222 3157 ὑπὸ
250 3094 356 3156 ΒΓΗ
384 3087 467 3175 πρὸς
498 3089 536 3157 τὸ
567 3088 633 3158 ἀπο
663 3096 738 3178 ΓΑ,
773 3088 878 3170 οὕτως
908 3090 946 3159 τὸ
978 3090 1045 3159 ὑπὸ
1075 3100 1174 3161 ΕΖΘ

155 3195 240 3283 πρὸς
262 3195 299 3266 τὸ
324 3193 390 3264 ἀπὸ
416 3203 490 3264 ΑΖ.

228 3435 270 3482 23.
287 3424 390 3499 ὁμοίως
402 3460 433 3469 -
444 3433 487 3484 24.
503 3433 529 3482 Δ
534 3427 598 3499 ΕΖ]
616 3425 815 3497 interpolatori
828 3424 928 3481 tribuit
940 3423 1069 3482 Hultsch.
1128 3435 1172 3486 28.

155 3500 221 3570 AZ]
244 3504 295 3553 ΖΔ
314 3499 433 3555 Hultseh
451 3516 515 3553 cum
533 3498 653 3554 Halieio.
