2444 3892
127 151 170 215 92
524 152 691 207 mmm
710 148 748 206 δ’.

194 293 261 360 ἐπεὶ
291 284 353 359 οὖν
377 289 397 377 ἡ
422 299 523 360 ΒΓΔ
545 294 628 361 κατὰ
652 291 716 360 δύο
740 295 851 381 τέμνει
875 290 1145 383 ἀντεστραμμένα

127 405 249 486 ἔχουσα
272 399 313 464 τά
337 400 453 484 πνρτά,
476 397 497 485 ἡ
522 407 585 466 ΕΖ
606 403 647 488 vy}
673 408 738 467 AB
761 398 803 468 οὐ
827 415 1055 487 συμπεσεῖται.
1092 400 1146 468 πά-

126 511 181 572 λιν
201 506 270 572 ἐπεὶ
290 504 311 595 ἡ
331 511 432 573 BI'A
454 509 512 591 τῆς
530 513 595 572 ΑΒ
614 505 794 594 ἐφάπτεται

126 611 208 677 κατὰ
227 609 308 680 τὸΒ
328 611 598 699 ἀντεστραμμένα
617 619 739 699 ἔχουσα
753 611 794 680 τὰ

91 732 108 780 5
126 718 242 803 κυρτά,
261 716 282 803 v}
298 725 359 784 ΕΖ
377 723 416 807 vy}
432 725 494 786 ΓΑ
514 717 554 786 οά
572 732 793 805 συμπεσεῖται.
1022 756 1053 804 p

126 820 147 910 ἡ
175 822 240 911 ἀρα
264 832 325 891 ΕΖ
355 823 514 915 οὐδετέρα
536 829 604 892 τάν
631 832 713 910 AB,
733 831 794 892 ΓΔ

126 935 239 1017 τομῶν
259 943 484 1018 συμπεσεῖται·
503 928 585 997 πατά
605 931 667 997 δύο
685 929 793 1016 μόνον
827 964 856 1010 A

128 1036 192 1126 ἀρα
215 1037 255 1105 τά
279 1044 317 1123 Γ,
338 1046 371 1103 A
395 1036 655 1124 συμβάλλουσιν,
891 1046 1012 1177 Q

194 1143 278 1211 ἀλλά
299 1143 340 1230 δὴ
360 1142 421 1229 τὴν
439 1149 506 1209 I'A
524 1140 544 1228 y}
565 1148 631 1210 ΒΓ
648 1143 792 1229 τεμνέτω
896 1118 926 1165 A
1097 1173 1102 1182 ·

77 1265 111 1313 10
130 1248 210 1318 καθ’
228 1254 265 1318 ’ἐν
284 1264 421 1336 σημεῖον
440 1247 477 1316 τὸ
496 1254 534 1333 Γ,
557 1245 602 1328 ὡς
625 1248 678 1316 ἐπὶ
701 1251 762 1317 τοῦ
787 1252 947 1339 δευτέρου
971 1251 1140 1340 σχήματος.

127 1355 148 1444 ἡ
176 1355 242 1444 ἀρα
270 1364 333 1423 ΕΖ
360 1360 400 1444 vy}
429 1356 491 1441 μὲν
518 1361 580 1422 ΓΑ
609 1353 650 1423 οὐ
679 1368 909 1443 συμπεσεῖται,
942 1362 984 1447 vy}
1013 1361 1053 1428 δὲ
1078 1369 1140 1429 ΑΒ

1109 561 1136 605 Δ

129 1477 342 1550 συμπεσεῖται
369 1462 449 1529 καθ’
479 1465 515 1529 ’έν
542 1463 658 1548 μόνον.
705 1467 736 1530 εί
762 1464 826 1550 γὰρ
854 1465 937 1531 κατὰ
967 1466 1032 1535 δύο
1062 1487 1136 1556 συμ

127 1568 243 1655 βάλλει
266 1595 286 1654 η
307 1576 369 1634 ΕΖ
392 1571 432 1656 vy}
451 1574 531 1653 ΑΒ,
562 1596 582 1654 η
608 1573 674 1636 ΒΓ
696 1573 735 1658 vy}
759 1576 826 1638 ΓΛ
850 1571 891 1638 οὐ
915 1589 1137 1658 συμπεσεῖται·

127 1671 300 1741 ὑπόκειται
327 1673 364 1741 δέ
387 1673 626 1761 συμβάλλουσα
648 1673 726 1743 καθ’
752 1678 797 1744 ἕν.

78 1794 111 1842 15
197 1784 228 1847 ελ
251 1781 288 1848 δέ
311 1780 331 1867 ἡ
356 1787 421 1849 ΒΓ
440 1792 480 1871 vy}
505 1791 538 1849 A
560 1786 644 1871 τομῇ
669 1782 713 1869 μὴ
738 1789 921 1873 συμπίπτῃ,
944 1783 990 1866 ὡς
1010 1787 1064 1855 ἐπὶ
1086 1791 1141 1856 τοῦ

127 1892 243 1975 τρίτου
272 1887 452 1975 σχήματος,
482 1888 538 1956 διά
566 1889 627 1976 μὲν
654 1887 693 1956 vo}
720 1892 946 1979 προειρημένα
973 1890 995 1980 v}
1019 1901 1083 1960 ΕΖ
1103 1898 1138 1982 vy}

128 2003 161 2060 A
189 1993 230 2063 οὐ
260 2009 485 2081 συμπεσεῖται,
513 1993 533 2083 y}
565 1994 601 2062 δὲ
626 2003 686 2062 ΕΖ
712 2000 751 2084 vy}
776 2004 840 2064 AB
866 1994 906 2065 οὐ
930 2015 1140 2086 συμπεσεῖται

128 2101 211 2169 κατὰ
234 2108 372 2169 πλείονα
396 2116 513 2188 σημεῖα
537 2097 557 2187 ἢ
582 2102 655 2169 δύο.

198 2913 255 2982 ἐὰν
280 2914 318 2982 δὲ
341 2917 377 2980 αί
398 2914 496 3001 τομαὶ
520 2916 573 2982 ἐπὶ
596 2914 635 2982 τά
660 2913 744 2982 αὐτὰ
767 2914 807 2982 τά
829 2923 925 2983 κοῖλα
949 2921 1086 3005 ἔχωσιν,
1111 2924 1147 2987 αί

75 3033 109 3082 ‘20
129 3017 227 3087 αὐταὶ
250 3018 435 3100 ἀποδείξεις
457 3020 653 3108 ἀρμόσουσι.

194 3125 276 3193 κατὰ
300 3126 408 3206 πάσας
430 3119 492 3195 οὖν
516 3129 574 3207 τὰς
598 3129 816 3215 ἐνδεχομένας
841 3128 1018 3211 διαστολάς
1038 3132 1145 3219 δῆλόν

129 3233 218 3298 ἐστιν
242 3234 277 3299 ἐκ
300 3244 369 3302 τῶν
394 3235 617 3320 δεδειγμένων
640 3233 677 3302 τὸ
702 3236 875 3321 προτεθέν.

200 3431 224 3478 7.
249 3425 314 3497 δύο]
335 3447 367 3497 p,
391 3425 422 3482 τὸ
443 3417 466 3500 β
478 3429 525 3497 V„
606 3436 646 3485 13.
672 3431 740 3502 ΒΓ]
765 3435 844 3485 ΒΓΔ
861 3431 922 3502 Vp,
948 3447 1017 3487 corr.
1037 3431 1144 3488 Comm.

165 3501 206 3550 17.
226 3497 264 3567 A]
287 3503 336 3552 ΓΔ
356 3498 414 3568 Vp,
433 3515 502 3556 corr.
522 3501 628 3557 Comm.
