2444 3892
122 170 188 236 200
404 170 667 227 οοιοιοννιιαι
685 171 854 236 mmm.

121 316 180 395 τής
205 315 363 399 σφαίρας·
389 303 574 397 αὗταιγὰρ
599 307 660 378 οὐκ
684 310 769 379 εἰσὶν
794 311 830 378 έν
854 310 905 379 ἑνὶ
929 311 1086 402 ἐπιπέδῳ.
1128 308 1148 381 ὃ

122 418 160 488 δὲ
193 420 295 505 λέγει,
326 418 484 487 τοιοῦτόν
517 418 621 485 ἐστιν·
654 421 737 485 έστω
770 416 926 505 καμπύλη
954 416 1095 505 γραμμή
1126 416 1148 506 ἡ

121 531 227 594 ΑΒΓ
249 525 303 592 καλ
333 526 370 593 ἐν
399 521 483 613 αὐτῇ
510 521 645 591 εὐθεῖαί
663 550 752 603 τινες
774 522 983 610 παράλληλοι
1007 528 1045 591 αλ
1067 530 1149 612 ΑΓ,

124 639 201 717 ΛΕ,
226 637 303 716 ΖΗ,
328 637 404 717 ΘΚ,
427 631 483 698 καὶ
505 629 636 717 διήχθω
660 629 810 699 ἀπὸτοῦ
833 637 862 697 Β
886 626 1004 698 εὐθεῖα
1028 627 1049 716 ή
1076 638 1149 699 BA

87 754 103 804 ὅ
123 743 200 826 δίχα
220 736 322 817 αὐτὰς
339 739 516 825 τέμνουσα.
553 737 659 823 φησὶν
679 727 753 823 οὖν,
774 733 826 804 ὅτι
843 739 902 822 τής
920 742 1025 803 ΑΒΓ
1038 763 1148 826 γραμ·

122 849 185 933 μῆς
207 844 389 933 διάμετρον
412 842 474 932 μὲν
496 850 587 911 καλῶ
611 840 674 928 τήν
697 849 778 928 BA,
801 843 958 931 κορυφήν
982 841 1020 910 δὲ
1041 846 1082 911 τὸ
1109 851 1149 932 Β,

121 953 328 1039 τεταγμένως
362 949 399 1018 δὲ
431 950 484 1019 ἐπὶ
515 948 578 1035 τήν
607 955 671 1017 BA
704 957 870 1036 κατήχθαι
900 948 1045 1034 ἑκάστην
1074 954 1148 1019 τῶν

124 1064 203 1144 ΑΓ,
233 1067 314 1144 ΛΕ,
345 1063 426 1142 ΖΗ,
454 1063 529 1124 ΘΚ.
581 1059 611 1122 ελ
644 1054 681 1123 δὲ
712 1052 733 1143 ή
764 1062 831 1123 ΒΛ
864 1059 940 1142 δίχα
971 1054 1028 1123 καὶ
1060 1061 1149 1144 πρὸς

126 1161 234 1253 ὀρθὰς
256 1166 367 1253 τέμνει
389 1161 448 1242 τὰς
470 1161 719 1248 παραλλήλους,
743 1159 833 1243 ἄξων
854 1170 1011 1230 καλεῖται.

73 1286 107 1336 10
188 1269 349 1359 Ὁμοίως
374 1269 416 1338 δὲ
438 1269 503 1337 καὶ
529 1267 600 1336 δύο
623 1269 837 1355 καμπύλων
863 1271 1055 1355 γραμμῶν
1081 1268 1148 1337 καὶ

124 1483 162 1553 έν
187 1481 303 1562 αὐταῖς
325 1481 383 1562 τὰς
406 1488 486 1566 ΓΛ,
510 1487 588 1565 ΕΖ,
612 1486 690 1566 ΗΘ,
715 1486 795 1565 KA,
821 1487 909 1565 MN,
932 1482 995 1557 ΞΟ
1018 1488 1147 1569 παραλ-

125 1591 246 1676 λήλους
273 1588 329 1656 ναὶ
357 1585 419 1672 τήν
443 1594 508 1653 AB
533 1586 718 1672 ὃιηγμένην
747 1581 800 1672 ἐφ’
830 1583 967 1674 ἑκάτερα
990 1586 1046 1654 καὶ
1069 1589 1146 1674 τέμ

124 1714 254 1764 νονσαν
284 1695 344 1773 τὰς
375 1691 610 1779 παραλλήλους
641 1694 732 1777 δίχα,
758 1693 826 1777 τήν
855 1689 917 1777 μὲν
944 1698 1010 1758 ΑΒ
1039 1696 1146 1779 ααλιό,

72 1816 106 1866 15
125 1806 241 1889 φησίν,
264 1804 409 1886 πλαγίαν
433 1796 625 1886 διάμετρον,
648 1798 802 1885 κορυφὰς
826 1795 864 1864 δὲ
886 1801 955 1866 τῶν
978 1809 1146 1886 γραμμῶν

124 1907 164 1978 τὰ
184 1917 227 1994 A,
247 1916 275 1976 B
299 1919 429 1995 σημεῖα,
453 1933 501 1974 τε·

125 2016 296 2102 ταγμένως
316 2013 353 2082 δὲ
371 2010 422 2082 ἐπὶ
440 2013 501 2100 τήν

195 2281 204 2312 5
297 2280 306 2313 5
405 2281 413 2313 λ
495 2280 502 2293 ’

72 2348 107 2399 20
128 2341 158 2404 εἰ
181 2335 218 2403 δέ
242 2339 318 2421 δι’χα
341 2335 397 2401 καὶ
419 2336 503 2419 πρὸς

127 2438 234 2528 ὀρθὰς
259 2438 363 2520 αὐτὰς
380 2442 501 2526 τέμνει,

127 2545 216 2628 ἄξων
239 2554 395 2614 καλεῖται.
442 2543 502 2613 ἐὰν

127 2654 164 2721 δέ
184 2653 361 2740 διαχθεῖσα
376 2680 425 2732 τις
448 2650 501 2719 εὐ-

126 2770 204 2828 θεῖα
238 2758 282 2839 ὡς
315 2756 334 2846 ή
368 2766 443 2826 ΠΡ
479 2759 538 2839 τὰς
571 2764 648 2843 ΓΞ,
676 2767 769 2846 ΕΜ,
797 2768 873 2828 ΗΚ
908 2763 1149 2849 παραλλήλους
1204 2746 1209 2754 ’

73 2879 108 2928 26
126 2871 165 2955 πή
191 2874 256 2934 AB
286 2871 362 2953 δίχα
385 2867 512 2954 τέμνει,
541 2865 645 2956 ὀρθία
668 2867 730 2955 μὲν
754 2867 929 2955 διάμετρος
951 2877 1101 2938 καλειται
1125 2869 1147 2958 ή

126 2980 206 3058 ΠΡ,
230 2974 436 3059 τεταγμένως
462 2973 499 3040 δὲ
522 2978 689 3061 κατήχθαι
712 2972 765 3042 ἐπὶ
789 2973 850 3059 τήν
875 2982 945 3043 ΠΡ
964 2977 1147 3066 διάμετρον

127 3080 245 3166 ἑκάστη
279 3085 347 3146 τῶν
382 3082 460 3164 ΓΞ,
486 3086 576 3166 ΕΜ,
599 3086 682 3148 ΗΚ.
734 3085 765 3148 εί
796 3080 834 3149 δὲ
867 3085 943 3169 δίχα
974 3082 1030 3150 καὶ
1062 3088 1147 3172 πρὸς

129 3184 237 3271 ὀρθὰς
260 3184 369 3271 αὐτήν
391 3187 512 3273 τέμνει,
537 3187 627 3269 ἄξων
647 3184 762 3274 ὀρθός,
786 3183 847 3255 ἐὰν
871 3187 909 3256 δὲ
929 3191 965 3256 αλ
983 3195 1060 3275 ΑΒ,
1079 3197 1152 3258 ΠΡ

199 3387 224 3434 5.
238 3377 390 3448 τέμνουσαι
405 3400 432 3451 p.
505 3388 529 3437 8.
551 3382 592 3453 ελ]
608 3378 625 3450 ή
641 3382 710 3452 Wp,
728 3398 797 3437 corr.
809 3382 914 3438 Comm.
987 3380 1018 3455 ἡ]
1034 3383 1146 3452 scripsi,

128 3451 262 3520 om.Wp.
336 3454 400 3523 καί]
421 3470 473 3508 om.
490 3453 559 3522 Wp,
579 3470 647 3508 corr.
668 3453 773 3508 Comm.
847 3459 888 3509 12.
908 3450 971 3526 τοὶς]
990 3460 1052 3518 ταῖς
1070 3454 1146 3524 Wp,

128 3539 196 3578 corr.
213 3521 317 3578 Oomm.
392 3530 432 3581 14.
454 3526 521 3580 Post
540 3529 615 3579 καλῶ
633 3531 646 3579 1
667 3523 723 3579 litt.
739 3539 819 3579 erasa
837 3528 865 3595 (σ
878 3525 924 3580 νο]
941 3526 963 3596 ι)
980 3525 1024 3580 W.
1099 3529 1145 3582 λδ.
