2444 3892
502 761 572 837 Είς
594 782 636 824 το
661 761 804 844 τρίτον.

217 898 262 968 Τὸ
286 904 399 988 τρίτον
422 907 490 965 τῶν
510 901 686 984 Κυνικῶν,
711 890 738 964 τό
762 898 901 984 φίλτατό
920 924 979 983 μοι
998 894 1164 986 Ἀνθέμιε,

147 1014 273 1093 πολλῆς
296 1005 359 1092 μὲν
383 1006 564 1092 φροντίδος
586 1000 653 1070 ὑπὸ
674 1012 744 1070 τῶν
767 1005 918 1071 παλαιῶν
941 1000 1096 1092 ἠξίωται,
1122 1003 1165 1086 ῶς

147 1115 184 1179 αί
196 1115 401 1198 πολύτροποι
415 1107 521 1177 αὐτοῦ
535 1108 685 1189 ἐκδόσεις
701 1111 874 1195 δηλοῦσιν,
889 1108 969 1177 οὔτε
983 1110 1023 1179 δὲ
1036 1113 1164 1181 ἐπιστο-

110 1216 210 1303 5λην
243 1221 309 1306 ἔχει
340 1216 656 1305 προγεγραμμένην,
690 1216 843 1303 καθάπερ
874 1213 915 1284 τὰ
948 1213 1051 1304 ἄλλα,
1085 1215 1164 1286 οὐδὲ

146 1322 264 1410 σχόλια
287 1328 334 1404 είς
357 1319 439 1391 αὐτὸ
460 1319 535 1404 όξια
553 1321 659 1408 λόγου
677 1324 746 1389 τῶν
765 1319 830 1409 πρὸ
848 1320 946 1408 ἡμῶν
965 1318 1164 1409 εὑρίσκεται,

144 1432 253 1496 καίτοι
284 1433 354 1498 τῶν
387 1431 424 1495 ἐν
452 1426 541 1517 αὐτῷ
569 1423 673 1507 ἀξίων
702 1427 812 1495 ὄντων
838 1429 1001 1513 θεωρίας,
1036 1425 1083 1507 ῶς
1109 1429 1164 1497 καὶ

145 1530 246 1613 αὐτὸς
261 1530 483 1610 Ἀπολλῶνιος
502 1533 539 1598 ἐν
557 1535 603 1621 τῷ
622 1537 789 1625 προοιμίῳ
807 1535 868 1600 τοῦ
886 1536 1011 1612 παντὸς
1029 1539 1164 1620 βιβλίου

145 1643 259 1723 φησίν.
299 1635 409 1704 πάντα
432 1636 470 1704 δὲ
492 1632 553 1723 ὑφ’
580 1633 676 1724 ἡμῶν
701 1641 817 1724 σαφῶς
839 1642 985 1706 ἕκκειταί
1005 1658 1061 1708 σοι
1081 1645 1163 1711 δεικ-

93 1755 126 1802 10
146 1741 275 1831 νόμενα
307 1741 363 1810 διὰ
395 1752 465 1812 τῶν
497 1742 738 1832 προλαβόντων
768 1749 909 1831 βιβλίων
936 1745 993 1812 καὶ
1021 1750 1091 1815 τῶν
1118 1752 1163 1826 είς

145 1846 230 1920 αὐτὰ
250 1855 403 1939 σχολίων.

435 2062 437 2067 Ι
556 1981 625 2056 Είς
647 1973 689 2044 τὸ
714 1973 757 2044 α’.

200 2098 297 2167 Ἔστι
321 2098 434 2166 δὲκαὶ
457 2097 541 2184 όίλλη
564 2097 742 2179 ἀπόδειξις.

211 2206 263 2272 ἐπὶ
292 2204 353 2291 μὲν
380 2208 440 2289 της
462 2206 669 2292 παραβολῆς,
698 2204 812 2290 ἐπειδὴ
836 2201 1016 2290 ἐφάπτεται
1039 2203 1060 2290 ἡ
1086 2211 1159 2291 ΑΓ,

91 2321 124 2370 15
143 2311 197 2378 καὶ
225 2313 383 2396 κατηκται
412 2306 432 2395 ἡ
457 2315 536 2394 ΑΖ,
566 2316 621 2393 ίση
650 2309 743 2376 ἐστὶν
765 2307 786 2396 ἡ
809 2315 871 2377 ΓΒ
894 2312 934 2398 τῇ
958 2316 1031 2377 ΒΖ.
1077 2308 1160 2378 ἀλλὰ

143 2415 249 2502 ἡΒΖ
272 2425 312 2504 τῇ
337 2423 409 2481 ΑΔ
432 2423 500 2500 ἴση·
530 2412 585 2480 καὶ
608 2413 629 2498 η
655 2422 727 2481 ΑΔ
749 2413 816 2504 όίρα
837 2426 878 2503 τῇ
897 2421 960 2482 ΓΒ
984 2423 1050 2503 ίση.
1093 2421 1160 2486 ἔστι

144 2522 181 2589 δὲ
200 2520 284 2610 αὐτῇ
302 2520 358 2588 καὶ
377 2517 600 2608 παράλληλος·
619 2526 695 2587 ίσον
717 2518 783 2607 ἄρα
796 2521 852 2588 καὶ
867 2518 986 2606 ὅμοιον
1001 2526 1038 2589 τὸ
1054 2529 1162 2590 ΑΔΕ

141 2633 309 2713 τρίγωνον
330 2629 376 2719 τῷ
400 2631 500 2692 ΓΒΕ
519 2623 681 2716 τριγῶνμ.

208 2733 262 2799 ἐπὶ
290 2732 328 2798 δὲ
354 2734 422 2799 τῶν
449 2735 577 2799 λοιπῶν
605 2734 862 2818 ἐπιζευχθεισῶν
890 2735 958 2800 τῶν
987 2741 1020 2800 Α
1027 2741 1071 2820 Β,
1094 2740 1160 2802 ΓΛ

87 2847 123 2896 20
141 2837 289 2904 λεκτέον·
935 2828 937 2832 ’

208 2944 281 3009 ε’πεί
295 2945 397 3027 ἐστιν,
417 2939 462 3021 ῶς
480 2944 501 3030 ἡ
516 2950 584 3010 ΖΗ
601 2948 683 3033 πρὸς
696 2950 776 3029 ΗΒ,
796 2942 816 3031 ἡ
833 2952 907 3012 ΒΗ
920 2950 1003 3035 πρὸς
1017 2956 1096 3035 ΗΓ,
1116 2947 1160 3029 ῶς

141 3047 178 3114 δὲ
197 3044 217 3133 ἡ
233 3055 301 3114 ΖΗ
313 3047 398 3134 πρὸς
412 3054 495 3135 ΗΒ,
509 3047 530 3136 η
545 3057 622 3117 ΑΗ
631 3055 714 3135 πρὸς
727 3057 813 3116 ΗΔ·
833 3052 1044 3140 παράλληλος
1058 3057 1123 3143 γὰρ
1138 3053 1158 3142 ἡ

213 3232 236 3280 1.
257 3220 397 3278 Εότοκίου
414 3220 614 3281 Ἀσκαλωνίτου
635 3225 675 3289 είς
692 3223 724 3281 τό
744 3231 762 3296 γ
782 3229 887 3296 (τρίτον
905 3233 935 3298 p)
954 3231 1012 3284 τῶν
1027 3225 1157 3287 Ἀπολλω-

141 3298 205 3351 νίου
224 3300 355 3350 κωνικῶν
373 3300 423 3365 τῆς
441 3293 505 3350 κατ’
522 3294 611 3352 αὐτὸν
632 3292 772 3359 ἐκδόσεως
790 3300 817 3365 (ο
837 3315 906 3353 corr.
925 3316 961 3355 ex
979 3321 1000 3355 ω
1021 3301 1068 3370 W)
1087 3299 1157 3360 όπό-

140 3389 236 3439 μνημα
250 3369 317 3437 Wp.
392 3373 417 3420 6.
437 3362 504 3433 ἄξια
518 3367 616 3438 λόγου]
637 3367 744 3437 scripsi,
764 3362 914 3438 ἀξιολόγου
931 3372 1003 3441 Wp,
1022 3367 1157 3444 ἀξιόλογοι
