2444 3892
487 179 714 232 1111οΜ11111.
1046 171 1108 236 137

99 328 244 406 φερειῶν
266 324 445 406 βεβηκυίας
467 319 526 400 τάς
549 328 591 405 Α,
612 327 645 385 Δ
671 323 794 405 γωνίας
823 325 897 397 ίσας
919 314 1110 402 ἀποφαίνει.

100 429 154 491 δεῖ
175 424 212 492 δέ
235 431 418 513 προλαβεῖν
440 431 507 512 καί,
533 424 583 494 ὅτι
607 423 628 512 ἡ
648 431 713 492 ΑΒ
737 433 791 510 ίσρ
815 429 856 512 τῇ
878 430 951 509 ΓΛ,
975 426 1032 491 ἵνα
1055 421 1109 488 καὶ

99 534 135 598 οί
155 529 272 600 κύκλοι
296 539 363 600 ίσοι
383 525 453 601 ὦσι.

167 677 218 741 58.
252 675 449 760 Scholium¹)
473 677 512 740 ad
535 676 683 741 Euclidis
707 675 792 739 Data
816 675 887 738 deff.
913 672 1057 739 13-15:

172 796 320 877 Τούτους
335 797 561 866 Ἀπολλωνίου
576 798 681 883 φασίν
700 795 788 864 εἶναι
806 794 883 874 τοὺς
902 810 989 883 τρεῖς
1004 794 1112 884 ὅρους.
1149 804 1165 853 5

470 993 750 1059 Astronomiaa.

171 1135 222 1198 59.
250 1134 457 1200 Ptolemaeus
481 1130 635 1214 σύνταξις
658 1135 733 1221 XII,
754 1138 771 1201 1
799 1134 848 1221 (ΙΙ
871 1159 901 1220 p.
921 1137 986 1201 312
997 1156 1042 1218 sq.
1067 1134 1115 1199 ed.

101 1239 249 1326 Halma):

174 1361 311 1430 Τούτων
330 1361 622 1449 ἀποδεδειγμένων
641 1363 837 1433 ἀκόλουθον
856 1360 898 1432 ἀν
918 1371 969 1449 είη
989 1363 1044 1430 καὶ
1058 1363 1116 1444 τὰς

102 1467 181 1536 καθ’
203 1467 345 1537 ’ἕκαστον
367 1473 435 1538 τῶν
458 1474 555 1538 πέντε
578 1473 808 1558 πλανωμένων
830 1472 1012 1559 γινομένας
1035 1496 1115 1556 προ·
1137 1491 1169 1539 10

102 1576 238 1662 ηγήσεις
267 1578 438 1663 ἐλαχίστας
460 1602 495 1644 τε
522 1577 578 1644 καί
606 1583 762 1664 μεγίστας
789 1579 1031 1659 ἐπισκέψασθαι
1060 1577 1116 1644 καὶ

104 1684 207 1762 δεῖξαι
231 1683 287 1749 καὶ
310 1681 369 1762 τὰς
391 1681 521 1751 τούτων
545 1684 776 1770 πηλικότητας.
792 1683 858 1752 ἀπὸ
882 1684 1115 1772 τωνῖκαειμέ-

103 1815 174 1857 νων
193 1784 391 1857 ὑποθέσεων
406 1788 622 1876 συμφώνους,
643 1787 686 1869 ὡς
702 1795 752 1858 ένι
766 1790 918 1876 μάλιστα,
937 1792 1116 1877 γινομένας

104 1907 176 1974 ταῖς
200 1896 234 1962 ἐκ
257 1899 325 1963 τῶν
343 1894 515 1983 τηρήσεων
534 1897 894 1981 καταλαμβανομέναις.
933 1901 979 1975 είς
998 1897 1035 1963 δέ
1053 1895 1116 1983 τὴν

104 2001 262 2087 τοιαύτην
292 2000 455 2086 διάληψιν
481 2000 809 2086 προαποδεικνύουσι
842 2000 904 2087 μὲν
936 2002 991 2067 καὶ
1023 2005 1058 2068 οἵ
1082 2026 1117 2067 τε
1138 2021 1170 2070 15

104 2103 201 2173 ἀλλοι
221 2106 447 2194 μαθηματικοὶ
466 2108 522 2174 καί
537 2104 759 2186 Ἀπολλώνιος
778 2104 795 2174 ὃ
815 2114 983 2193 Περγαῖος
1002 2104 1047 2186 ὡς
1066 2107 1118 2173 ἐπὶ

106 2216 184 2298 μιᾶς
206 2216 264 2298 τῆς
286 2210 376 2300 παρὰ
398 2214 459 2280 τὸν
482 2210 581 2299 ἥλιον
604 2214 811 2300 ἀνωμαλίας,
836 2210 898 2298 ὅτι,
922 2212 982 2279 έάν
1004 2238 1039 2279 τε
1063 2210 1118 2279 διὰ

105 2321 164 2404 τῆς
186 2317 257 2385 κατ’
280 2321 457 2387 ἐπίκυκλον
481 2316 674 2398 ὑποδέσεως
700 2325 849 2407 γίνηται,
877 2329 938 2385 τοῦ
965 2318 1026 2406 μὲν
1054 2320 1118 2384 ἐπι-

106 2423 233 2492 αύκλου
258 2424 333 2513 περὶ
356 2422 417 2492 τὸν
440 2421 645 2510 ὁμόαεντρον
668 2429 712 2516 τῷ
739 2428 886 2516 ζωδιααῷ
909 2424 1033 2493 κύκλον
1056 2426 1118 2511 τὴν

108 2529 192 2598 κατὰ
216 2534 320 2617 μῆκος
341 2530 494 2619 πάροδου
518 2536 566 2611 είς
587 2531 627 2600 τά
651 2529 796 2619 ἑπόμενα
814 2535 882 2599 τῶν
902 2535 1030 2621 ζῳδίων
1048 2555 1118 2599 ποι·
1138 2549 1172 2597 20

108 2638 271 2723 ουμέυου,
298 2642 361 2705 τοῦ
389 2637 426 2706 δὲ
454 2635 591 2726 ἀστέρος
619 2639 671 2705 ἐπὶ
696 2641 757 2706 τοῦ
781 2637 961 2706 ἐπιαύκλον
983 2637 1058 2724 περὶ
1081 2634 1118 2704 τὸ

183 2834 292 2898 111Ηοο
316 2832 462 2900 scholium,
491 2834 565 2902 quod
595 2834 630 2888 ad
654 2851 724 2904 opus
747 2833 890 2915 Apollonii
918 2835 951 2888 de
975 2832 1120 2914 principiis

108 2902 317 2958 mathematicis
336 2903 437 2959 referre
456 2921 512 2959 non
532 2905 683 2959 dubito—
702 2921 767 2959 nam
785 2904 827 2959 ibi
850 2905 909 2959 sina
928 2905 1027 2971 dubio
1049 2903 1122 2958 sieut

108 2975 144 3027 de
163 2973 322 3043 axiomatis,
341 2975 384 3028 ita
402 2973 488 3029 eiiam
508 2976 542 3029 de
562 2974 818 3030 definitionibust
790 2981 818 3030 et
836 2976 870 3029 de
889 2993 956 3030 uera
971 2947 1122 3030 defi’niendi

107 3044 218 3100 ratione
242 3045 324 3115 dispu
304 3018 486 3101 itauerat-
494 3061 630 3114 ,meeum
653 3047 873 3101 communicauit
894 3047 928 3101 H.
948 3047 1057 3116 Menge.
1077 3062 1122 3099 ex-

109 3118 168 3241 sssai
185 3117 214 3170 in
234 3116 314 3171 codd.
334 3117 411 3172 11111.
431 3134 471 3186 gr.
494 3123 544 3172 190
564 3120 593 3171 ei
611 3123 663 3172 204
683 3121 712 3172 01
730 3117 759 3172 in
778 3118 838 3172 aod.
857 3117 938 3172 Laur.
958 3122 1001 3186 28,
1023 3122 1068 3185 10,
1087 3134 1121 3171 na

105 3203 210 3255 pares.

107 3298 322 3306 *Q—

182 3369 206 3418 5.
237 3383 338 3418 τουτου
362 3364 427 3420 Vat
449 3371 507 3422 190.
597 3361 774 3427 Ἀπολλωνιος
800 3364 864 3419 Vas.
886 3370 944 3421 190.
1036 3367 1122 3453 φησίν

109 3435 175 3489 vat.
196 3441 255 3490 190.
328 3431 443 3505 εφῖναί
446 3454 492 3506 ησι
510 3435 576 3491 101.
593 3441 653 3490 204.
727 3456 844 3498 τουτονς
862 3432 927 3498 τοὺς
946 3441 1020 3505 τρεις
1039 3456 1123 3506 ορους

106 3501 289 3561 Ἀπολλωνίου
309 3507 396 3574 φασὶν
417 3456 490 3562 εφίναι
508 3508 648 3574 1111128,
667 3512 707 3563 10.
