2444 3892
148 155 212 220 103
540 153 770 209 FRAGMENTA.

146 295 250 391 λόγον
274 294 414 382 ἐχούσας
437 292 497 362 τὸν
520 291 625 362 αύτδν
647 297 693 385 τῷ
713 294 860 362 δοθέντι.
898 290 962 374 τάς
982 293 1023 363 δὲ
1041 293 1169 383 γραφάς

147 400 335 490 διαφόρους
366 401 528 487 γενέσθαι
559 401 614 468 καὶ
647 404 779 487 πλῆθος
806 404 924 486 λαβεῖν
955 403 1168 489 συμβέβηκεν

146 505 407 595 ὑποδιαιρέσεως
433 509 618 595 γενομένης
645 509 741 576 ἕνεκα
768 510 827 596 τῆς
853 532 890 575 τε
912 505 1001 597 πρὸς
1026 505 1169 596 ἀλλήλας

146 617 274 694 θέσεως
306 617 374 681 τῶν
408 613 598 700 διδομένων
630 611 778 682 εὐθειῶν
805 612 862 680 καί
890 616 963 682 τῶν
993 614 1168 702 διαφόρων

112 739 128 788 5
146 719 307 789 πτώσεων
324 724 386 789 τού
406 719 589 807 διδομένου
609 725 749 806 σημείου
766 719 822 787 καὶ
842 717 900 787 διὰ
914 717 975 800 τάς
989 719 1168 801 ἀναλύσεις

146 828 202 895 καὶ
226 827 403 906 συνθέσεις
426 825 538 894 αὐτῶν
561 852 596 893 τε
619 826 674 894 καὶ
697 828 766 894 τῶν
785 829 984 914 διορισμῶν.
1022 831 1093 914 ἔχει
1111 825 1167 915 γὰρ

146 933 185 1002 τὸ
213 933 275 1021 μὲν
302 937 436 1021 πρῶτον
463 936 597 1018 βιβλίον
624 942 693 1001 τῶν
723 931 829 1020 λόγου
851 929 1025 1020 ἀποτομῆς
1049 932 1168 1012 τόπους

147 1028 174 1127 ξ,
198 1040 338 1119 πτάσεις
356 1027 408 1125 οἶδ,
429 1037 626 1127 διορισμοὺς
644 1039 682 1106 δὲ
701 1050 728 1124 ἑ,
752 1030 801 1107 ὧν
818 1054 907 1128 τρεῖς
924 1038 989 1126 μέν
1009 1043 1101 1108 εἰσιν
1119 1041 1167 1128 με’-

149 1165 269 1233 γιστοι,
285 1145 349 1214 δύο
365 1145 403 1214 δὲ
418 1143 594 1233 ἐλάχιστοι,
609 1150 669 1213 καί
680 1147 750 1213 ἐστι
764 1146 917 1233 μέγιστος
930 1144 994 1232 μέν
1008 1145 1098 1214 κατά
1110 1145 1167 1235 τὴν

98 1272 131 1320 10
151 1259 266 1340 τρίτην
294 1257 422 1321 πτῶσιν
448 1254 511 1320 τού
539 1251 567 1319 ε’
594 1250 714 1337 τόπον,
744 1250 915 1339 ἐλάχιστος
938 1251 977 1320 δὲ
998 1253 1089 1321 κατὰ
1110 1252 1168 1340 τῆν

150 1361 310 1448 δευτέραν
344 1361 405 1427 τού
433 1357 465 1429 ς’
495 1357 601 1427 τόπου
629 1357 685 1425 καὶ
712 1356 795 1426 ιιαιά
823 1357 886 1445 τῆν
909 1355 1025 1444 Ἱαὐτὴν
1053 1363 1115 1428 τού
1142 1360 1166 1442 ξ

150 1467 271 1551 τόπου,
299 1466 449 1552 μέγιστοι
477 1464 515 1533 δέ
544 1469 579 1532 οί
603 1467 686 1532 ιιατδι
709 1463 768 1544 τὰς
791 1462 949 1552 τετάρτας
971 1476 1038 1534 τοῦ
1060 1466 1093 1539 ς’
1115 1466 1168 1535 καί

148 1575 209 1639 τού
239 1570 266 1651 ζ’
293 1570 407 1638 τόπου.
455 1570 494 1637 τὸ
519 1571 557 1638 δὲ
581 1570 740 1659 δεύτερον
763 1574 897 1656 βιβλίον
919 1570 1028 1657 λόγου
1052 1571 1167 1642 ἀποιο·

148 1679 213 1762 μῆς
235 1679 301 1763 ἔχει
324 1665 512 1763 τόπουςιδ,
537 1676 676 1757 πτώσεις
696 1676 733 1745 δὲ
752 1664 801 1763 ξ’ῆ,
821 1676 1021 1764 διορισμοδς
1041 1678 1079 1748 δέ
1092 1679 1169 1760 τοὺς

96 1800 128 1849 15
149 1783 184 1849 ἐκ
212 1785 274 1849 τοῦ
302 1781 450 1870 πρώτον·
484 1781 646 1870 ἀπάγεται
675 1783 740 1870 γάρ
770 1781 851 1852 ὅλον
879 1786 927 1862 είς
956 1781 995 1852 τὸ
1025 1791 1167 1871 πρῶτον.

217 1886 381 1976 Λῆμματα
411 1890 448 1959 δέ
477 1896 543 1978 ἔχει
570 1888 610 1958 τά
638 1892 742 1977 λόγου
765 1888 934 1978 ἀποτομῆς
956 1898 992 1978 νἰ,
1023 1889 1112 1960 αύτά
1134 1892 1169 1961 δὲ

148 1993 189 2062 τά
213 1995 274 2063 δύο
294 2001 409 2082 βιβλία
427 2001 496 2066 τῶν
516 1997 620 2085 λόγου
638 1995 808 2084 ἀποτομῆς
825 1995 1061 2084 θεωρημάτων
1080 1999 1169 2068 ἐστὶν

150 2107 230 2191 ρπα,
254 2102 336 2170 κατὰ
361 2103 398 2171 δὲ
422 2107 587 2193 Περικλέα
611 2103 777 2173 πλειόνων
801 2099 821 2190 ῆ
844 2102 1029 2173 τοσούτων.

455 2294 509 2359 De
534 2292 708 2358 seotione
733 2293 862 2378 spassii.

94 2430 129 2480 νο
217 2417 268 2482 13.
292 2416 421 2501 Pappus
445 2417 525 2502 VII,
550 2418 567 2481 7
591 2440 621 2500 p.
646 2416 725 2501 640,
748 2420 792 2484 26
817 2440 877 2502 sq.:

220 2533 286 2615 Τῆς
310 2526 341 2594 δ’
369 2529 569 2614 ἀποτομῆς
590 2531 663 2595 τοῦ
686 2535 835 2616 χωρίον
858 2531 972 2615 βιβλία
994 2529 1058 2616 μέν
1078 2532 1170 2600 ἐστιν

149 2634 228 2721 δύο,
261 2633 439 2722 πρόβλημα
473 2633 510 2702 δὲ
538 2631 603 2702 ιιάν
631 2632 763 2714 τούτοις
791 2638 829 2703 ἓν
857 2632 1169 2724 ύποδιαιρούμενον

150 2744 216 2826 δίς,
253 2740 310 2807 καί
341 2739 471 2808 τούτων
504 2745 563 2828 μία
595 2738 755 2828 πρότασίς
788 2744 880 2809 ἔστιν
912 2738 952 2807 τά
987 2741 1051 2827 μὲν
1083 2744 1170 2812 ἀλλα

150 2844 274 2933 ὁμοίως
293 2850 414 2932 ἔχουσα
432 2848 472 2934 τῆ
489 2846 646 2936 προτέρη,
669 2844 763 2936 μόνω
783 2845 820 2914 δὲ
833 2844 940 2938 τούτῳ
956 2850 1170 2935 διαφέρουσα

95 2967 129 3016 25
149 2958 193 3042 τῷ
218 2957 291 3020 δεῖν
313 2950 372 3030 τὰς
390 2948 662 3039 ἀποτεμνομένας
682 2950 743 3020 δύο
764 2949 899 3032 εύθείας
918 2953 956 3020 ἐν
976 2955 1087 3043 ἐκείνη
1107 2954 1168 3043 μὲν

148 3059 253 3146 λόγον
281 3056 422 3145 ἐχούσας
450 3057 597 3126 δοθέντα
624 3071 751 3145 ποιεῖν,
779 3061 816 3127 ἐν
844 3059 882 3126 δὲ
908 3056 1011 3148 ταύτῃ
1041 3067 1169 3150 χωρίον

147 3163 366 3251 περιεχούσας
398 3162 511 3231 δοθέν.
563 3165 747 3253 ῥηθήσεται
774 3163 839 3252 γὰρ
868 3162 987 3245 οὕτως·
1020 3165 1079 3234 διά
1107 3172 1169 3237 τοῦ

219 3365 244 3413 4.
264 3357 426 3431 δεδομένων
444 3356 565 3413 Hultsch
584 3375 647 3413 cum
667 3359 740 3415 aliis.
820 3365 845 3414 5.
864 3356 1024 3430 δεδομένου
1043 3359 1167 3417 Hultsch

146 3431 305 3572 ρμῆιομίἰίε.
399 3438 466 3500 6sq.
490 3431 654 3498 repetuntur
677 3429 775 3501 paucis
799 3429 916 3485 mutatis
935 3430 1023 3501 Papp.
1044 3431 1112 3502 VII,
1133 3439 1167 3488 65
