2444 3892
133 182 198 246 202
413 182 675 235 ΟΟΜΜΕΝΤΔΒῙΔ
692 181 862 246 AMIQUA.

134 327 211 410 δίχα
243 322 402 408 τέμνουσι
433 326 492 401 τὰς
524 319 679 407 άλληλωυ
711 319 965 408 παραλλήλους,
997 322 1165 409 λέγονται

133 436 284 514 συζυγεϊς
307 427 491 515 διάμετροι,
514 425 574 496 ἐὰν
598 426 636 496 δέ
659 431 737 514 δίχα
759 430 816 496 καλ
838 432 921 515 πρὸς
944 424 1078 516 ὀρθάς,
1102 453 1162 499 συ-

135 540 241 620 ζυφεϊς
263 533 381 615 ἄξονες
404 533 633 620 ὀνομάζονται.

544 691 604 766 Είς
627 684 663 754 τό
689 685 733 754 α’.

97 809 113 858 ⁶
200 802 285 889 Περὶ
318 804 385 870 τῶν
419 800 594 890 διαφόρων
627 804 852 888 καταγραφῶν
884 800 956 888 ἦτοι
987 802 1155 873 πτῶσεωυ

132 912 200 975 τῶν
233 906 462 996 θεωρημάτων
495 911 659 975 τοσοῦτον
692 912 816 994 ίστέον,
850 905 901 976 ὅτι
933 912 1061 990 πτῶσις
1091 912 1153 997 μέν

133 1017 239 1100 ἐστιν,
268 1013 348 1082 ὅταν
376 1013 416 1081 τά
446 1014 483 1081 ἐν
508 1023 548 1102 τῇ
572 1012 731 1100 προτάσει
755 1015 919 1100 δεδομένα
942 1017 982 1103 τῇ
1007 1016 1108 1084 θέσει
1129 1008 1151 1105 ᾖ

133 1122 293 1188 δοθέντα·
316 1117 336 1207 ἡ
361 1118 424 1206 γὰρ
447 1119 612 1206 διάφορος
630 1117 742 1187 αὐτῶν
762 1117 943 1206 μετάληψις
961 1123 1024 1188 τοῦ
1043 1121 1150 1190 αὐτοῦ

132 1226 409 1316 συμπεράσματος
442 1224 537 1305 ὄντος
568 1239 660 1293 ποιεί
686 1228 748 1312 την
774 1229 911 1294 πτῶσιν.
958 1222 1084 1312 ὁμοίως
1113 1227 1150 1296 δὲ

83 1350 116 1399 10
133 1334 189 1401 καὶ
208 1331 272 1400 άπὸ
292 1343 351 1420 τῆς
371 1336 575 1418 κατασκευης
593 1334 851 1419 μετατιθεμένης
870 1335 996 1418 γίνεται
1014 1338 1148 1414 πτῶσις.

131 1439 257 1519 πολλάς
284 1439 321 1506 δέ
350 1439 496 1525 ἐχόντων
523 1443 592 1506 τῶν
618 1437 849 1524 θεωρημάτων
872 1439 995 1518 πάσαις
1016 1436 1038 1526 ἡ
1063 1436 1146 1528 αὐτη

131 1543 299 1626 ἀπόδειξις
322 1542 455 1632 ἁρμόζει
479 1543 533 1610 καὶ
558 1544 608 1610 ἐπὶ
633 1552 701 1612 τῶν
725 1543 838 1612 αὐτῶν
862 1551 1038 1632 στοιχείων
1060 1545 1147 1633 πλην

131 1651 298 1737 βραχέων,
331 1647 375 1728 ῶς
408 1650 482 1734 ἑξης
513 1649 686 1736 εἰσόμεθα·
720 1649 826 1730 εὐθὺς
853 1651 917 1738 γὰρ
944 1649 982 1720 τὸ
1010 1664 1147 1740 πρῶτον

129 1753 290 1841 θεῶρημα
316 1762 403 1843 τρεῖς
424 1755 568 1841 πράσεις
591 1760 657 1842 ἔχει
683 1755 737 1824 διὰ
761 1757 798 1825 τὸ
822 1755 860 1825 τὸ
885 1757 1145 1845 λαμβανόμενον

79 1877 111 1926 15
131 1875 270 1949 σημεῖον
296 1863 348 1930 ἐπὶ
371 1866 430 1948 της
454 1864 658 1949 ἐπιφανείας,
681 1864 831 1932 τουτέστι
854 1861 891 1932 τὸ
915 1871 955 1950 Β,
980 1857 1065 1933 ποτέ
1085 1865 1147 1952 μέν.

131 1973 178 2048 είς
205 1968 267 2054 την
295 1972 468 2057 κατωτέρω
493 1968 693 2056 ἐπιφάνειαν
717 1967 804 2038 εἶναι
831 1970 887 2037 καὶ
914 1980 1014 2039 τοῦτο
1045 1976 1146 2059 διχῶς

130 2071 150 2161 ἢ
174 2073 330 2165 ἀνωτέρω
354 2081 416 2144 τοῦ
438 2075 565 2153 κόκλου
587 2073 607 2163 ἢ
631 2077 821 2163 κατωτέρω,
845 2076 924 2144 ποτὲ
947 2075 985 2143 δὲ
1011 2077 1065 2145 ἐπὶ
1088 2083 1146 2165 τῆς

129 2181 211 2251 κατά
229 2181 384 2270 κορυφὴν
404 2180 488 2271 αὐτῇ
509 2185 723 2270 ἐπικειμένης.
750 2187 849 2251 τοῦτο
870 2181 907 2250 δέ
925 2185 962 2251 τὸ
982 2183 1146 2271 θεῶρημα

129 2290 293 2372 προέθετο
319 2294 468 2375 ζητῆσαι,
492 2287 543 2355 ὅτι
567 2285 629 2355 οὐκ
653 2289 705 2356 ἐπὶ
727 2288 835 2356 πάντα
859 2289 922 2357 δύο
946 2304 1069 2375 σημεῖα
1092 2292 1145 2359 ἐπὶ

76 2411 111 2460 20
129 2400 188 2480 τῆς
224 2398 418 2482 ἐπιφανείας
456 2393 694 2480 λαμβανόμενα
733 2396 989 2483 ἐπιζευγνυμένη
1027 2395 1145 2466 εὐθεῖα

129 2501 181 2567 ἐπὶ
204 2504 262 2586 της
286 2504 481 2589 ἐπιφανείας
504 2501 611 2585 ἐστίν,
635 2496 707 2567 ἀλλ’
741 2497 761 2585 ἡ
786 2499 933 2569 νεόουσα
957 2500 1067 2588 μόνον
1092 2504 1145 2572 ἐπὶ

128 2607 191 2692 την
215 2607 381 2693 κορυφήν,
406 2604 462 2673 διά
485 2607 522 2673 τὸ
547 2606 602 2672 καὶ
625 2603 691 2673 ὑπὸ
711 2604 847 2686 εὐθείας
869 2609 906 2675 τό
927 2611 1030 2695 πέρας
1050 2610 1145 2697 ἐχού-

128 2731 188 2798 σης
216 2714 320 2799 μένον
347 2716 550 2799 γενενῆσθαι
578 2712 640 2796 τὴν
663 2712 812 2797 κωνικὴν
837 2713 1045 2801 ἐπιφάνειαν.
1092 2715 1143 2786 ότι

128 2817 166 2885 δέ
188 2829 288 2886 τοῦτο
313 2817 454 2905 άληθές,
478 2817 514 2885 τὸ
539 2819 698 2907 δεύτερον
721 2816 883 2907 θεῶρημα
906 2825 1011 2907 δηλοῖ.

74 2985 107 3034 ετ
544 2964 604 3040 Εἰς
626 2959 664 3028 τὸ
688 2959 731 3046 β’.

198 3075 243 3144 Τὸ
273 3075 433 3161 δεύτερον
460 3074 622 3161 θεῶρημα
649 3090 737 3164 τρεῖς
764 3081 830 3164 ἔχει
858 3077 998 3158 πτῶσεις
1024 3079 1142 3149 διὰτὸ

126 3184 165 3248 τά
191 3182 429 3268 λαμβανόμενα
453 3182 635 3268 σημεῖατὰ
660 3191 703 3269 Δ,
726 3181 799 3251 Ε
779 3211 799 3269 η
825 3185 877 3251 ἐπὶ
901 3210 958 3270 της
980 3184 1064 3253 κατὰ
1089 3213 1141 3254 κο-

199 3320 221 3370 1.
237 3334 387 3399 τεμνουοιν
402 3314 446 3369 W.
512 3321 536 3370 2.
552 3314 711 3388 διάμετροι]
725 3337 768 3370 οι
781 3333 850 3372 corr
866 3317 1005 3374 exovW.
1073 3320 1143 3374 Post

127 3381 219 3452 ὀρθάς
237 3386 301 3439 add
322 3380 356 3439 06
376 3385 449 3456 Wp,
475 3403 544 3442 corr.
565 3385 668 3441 Oomm.
761 3392 803 3443 11.
827 3388 943 3461 πολλάς]
964 3386 1053 3444 πολλά
1066 3390 1142 3480 Wp,

126 3470 196 3510 corr
208 3454 312 3510 Οοιοω.
386 3461 429 3512 13.
449 3455 509 3512 είσό
511 3459 760 3543 μεθα]θὶοιοε.
775 3475 812 3513 m.
828 3464 842 3512 1
863 3458 908 3514 W.
982 3465 1024 3515 14.
1043 3480 1075 3515 το
1094 3462 1141 3586 w

126 3526 239 3595 scripsi,
263 3524 295 3581 τό
315 3527 382 3597 Wp.
475 3525 708 3602 λαμβαννόμενον
727 3528 771 3582 W.
865 3535 907 3585 15.
931 3531 1075 3586 τουτέστιν
