2444 3892
245 150 395 203 EU'I'OOII
414 150 678 203 communalem
695 150 734 201 ln
753 148 897 201 comcs.
1007 144 1070 210 207

57 298 121 376 est,
151 293 179 358 ai
206 297 295 359 recta
323 292 364 357 ad
392 293 527 375 planum
557 291 688 376 aliquod
716 291 993 376 perpendicularis
1022 291 1073 376 sit,

57 401 157 465 etiam
182 400 291 466 omnia
314 399 428 483 plana,
451 421 533 484 quae
555 421 613 483 per
637 421 709 463 eam
733 399 900 483 ducantur,
923 397 963 463 ad
985 396 1070 462 idem

55 508 190 593 planum
219 505 498 591 perpendicularia
526 528 604 571 esse.
654 505 822 589 obliquum
849 526 926 569 uero
954 525 1072 569 conum

57 614 237 699 supposuit,
260 614 336 698 quia
358 614 393 677 in
417 615 505 677 reato
529 614 662 696 planum
685 611 757 676 basi
777 610 968 695 parallelum
986 608 1070 673 idem

57 723 106 784 est
130 723 226 804 atque
249 720 293 804 id,
316 720 401 805 quod
426 719 630 784 econtrario
656 719 791 783 ducitur.

123 830 289 910 praeterea
308 826 386 890 dicit
405 825 435 906 [I
455 848 485 909 p.
504 826 554 908 18,
568 825 618 906 6]:
639 829 791 890 secetur
810 828 937 890 autem
957 825 1071 889 etiam

57 932 135 997 alio
163 933 279 1017 plano
313 933 357 996 ad
385 932 627 1016 triangulum
661 953 728 1015 per
760 952 866 995 axem
899 930 1071 1015 positum

55 1039 383 1122 perpendiculari,
421 1037 521 1121 quod
562 1038 606 1101 ad
643 1038 832 1102 uerticem
867 1035 1073 1102 abscindat

57 1144 300 1228 triangulum
323 1144 487 1208 similem
512 1144 713 1229 triangulo
733 1146 841 1227 ΑΒΓ,
866 1143 930 1208 sed
950 1165 967 1206 e
987 1163 1073 1207 con·

482 1278 516 1329 A
550 1249 673 1314 trario
697 1250 876 1334 positum.
914 1250 976 1314 hoc
994 1270 1071 1313 uero

548 1357 597 1420 ita
620 1357 669 1420 fit:
699 1355 743 1419 sit
766 1357 868 1419 ΑΒΓ
886 1355 1071 1440 triangulus

548 1484 605 1546 per
625 1484 717 1527 axem
741 1463 878 1546 positus,
901 1466 934 1526 et
958 1463 992 1525 in
1006 1464 1071 1524 AB

550 1573 697 1634 sumatur
708 1572 865 1651 punctum
882 1567 1014 1653 aliquod
1028 1570 1071 1652 H,

548 1677 587 1741 ad
607 1679 681 1739 ΑΗ
703 1679 811 1740 autem
834 1680 957 1740 rectam
980 1678 1013 1738 et
1036 1677 1072 1737 H

549 1786 705 1866 punctum
728 1783 763 1845 in
787 1805 825 1847 ea
848 1783 992 1867 positum
1015 1804 1070 1846 an·

549 1888 625 1971 gulo
663 1892 695 1950 A
706 1889 771 1951 ΓΒ
815 1888 959 1971 aequalis
998 1909 1071 1952 con-

56 1991 202 2051 struetur
238 1993 310 2063 LA
319 1990 359 2051 H
364 1993 398 2053 K
430 1990 538 2070 [Euel.
566 1991 596 2075 I,
624 1993 704 2074 23];
744 1993 855 2075 iaque
889 1992 1071 2076 triangulus

55 2096 169 2158 AHK
198 2095 364 2179 triangulo
395 2098 499 2160 ΑΒΓ
527 2095 642 2160 similia
674 2100 736 2179 eet,
769 2096 825 2160 sed
859 2118 876 2159 e
909 2097 1071 2161 contrario

54 2202 190 2284 positus.
232 2200 356 2264 iamin
379 2204 452 2266 HK
474 2207 630 2285 punctum
655 2202 786 2287 aliquod
812 2205 960 2268 sumatur
979 2205 1015 2285 Z,
1039 2205 1073 2265 et

56 2327 76 2369 a
98 2309 125 2368 Z
149 2305 188 2369 ad
212 2305 348 2388 planum
371 2307 530 2392 trianguli
548 2310 652 2372 ΑΒΓ
670 2306 943 2391 perpendicularis
968 2307 1072 2391 eriga-

56 2416 109 2475 tur
128 2414 200 2494 ΖΘ,
223 2412 421 2497 duceturque
444 2414 578 2498 planum
602 2436 659 2497 per
677 2417 759 2497 HK,
784 2418 853 2478 ΖΘ.
885 2414 947 2478 hoc
969 2413 1072 2498 igitur

56 2522 191 2602 propter
218 2523 279 2584 ΖΘ
308 2520 348 2583 ad
376 2522 576 2606 triangulum
604 2524 707 2586 ΑΒΓ
728 2520 993 2605 perpendiculare
1022 2523 1073 2586 est

56 2628 90 2689 et
112 2626 317 2709 propositum
341 2628 450 2692 efficit.

123 2732 156 2795 in
185 2732 387 2798 conclusione
411 2734 490 2799 dicit
514 2735 543 2815 [I
566 2757 595 2818 p.
618 2735 672 2817 18,
701 2736 743 2800 27
769 2736 844 2818 sq.],
871 2737 1005 2817 propter
1028 2733 1071 2797 si-

56 2837 272 2902 militudinem
296 2840 531 2924 triangulorum
559 2844 673 2925 ΑΖΗ,
698 2844 800 2905 ΕΖΚ
823 2861 893 2905 esse

321 2950 808 3015 AZ><ZE==HZ><ZK

54 3051 126 3115 fieri
153 3054 261 3115 autem
285 3057 403 3136 potest,
426 3057 464 3117 ut
486 3053 548 3117 hoc
572 3053 669 3117 etiam
694 3054 904 3119 similitudine
927 3054 1072 3139 triangu-

55 3156 161 3221 lorum
186 3179 252 3222 non
275 3159 325 3223 usi
349 3158 607 3224 demonstremus
631 3159 679 3223 ita
701 3160 946 3225 ratiocinantes:
971 3182 1070 3244 quon·

54 3263 120 3328 iam
139 3267 275 3348 uterque
295 3265 433 3350 angulus
454 3269 524 3329 ΑΚ
528 3271 571 3346 Η,
590 3270 697 3330 ΑΛΒ
715 3266 834 3351 angulo
854 3266 894 3330 ad
913 3270 942 3330 Β
961 3266 1069 3350 posito

127 3492 159 3546 In
177 3493 223 3563 fig.
244 3496 265 3545 Z
285 3510 321 3547 m.
341 3509 393 3549 rec.
414 3492 459 3547 W.
