2444 3892
170 161 234 225 154
453 159 715 213 COMMENTARIA
733 157 901 222 ΑΝἩσσΑ.

168 301 220 372 ὅτι
242 303 279 372 τὸ
303 299 369 370 ὑπὸ
393 305 460 368 τῶν
475 306 574 367 ΑΕΒ
599 308 675 367 ἴσον
694 299 785 367 ἐστὶν
804 300 849 390 τῷ
863 324 898 366 τε
916 293 983 366 ὑπὸ
998 299 1068 365 τῶν
1083 305 1190 366 ΓΕΔ

167 409 289 501 καὶτῷ
314 405 379 476 ὑπὸ
403 392 509 474 ΔΑΓ.

327 537 349 585 Α
512 534 539 584 Γ
571 531 596 582 Ε
670 533 690 582 Ζ
803 534 829 583 Δ
1000 533 1021 581 Β

336 599 822 639 ι---ι-ι-ι--4
1008 600 1013 637 ι

234 689 409 778 τετμήσθω
433 689 497 778 γὰρ
520 688 541 777 ἡ
565 697 628 758 ΓΔ
651 694 743 777 δίχα,
771 688 861 771 ὅπως
885 685 928 758 ἂν
952 694 1008 779 ἔχη
1033 686 1079 771 ὥς
1102 692 1186 777 πρὸς

166 799 204 867 τὸ
224 807 256 866 Ε
277 812 427 886 σημεῖον,
450 795 533 865 κατὰ
555 795 593 866 τὸ
612 804 653 863 Ζ·
676 796 732 864 καὶ
756 794 817 883 ὅλη
842 797 907 885 ἄρα
930 793 950 883 ἡ
971 803 1038 863 ΑΖ
1061 801 1101 884 τῇ
1124 805 1184 865 ΖΒ

131 915 222 991 σῖση
247 906 346 973 ἐστίν.
387 902 425 971 τὸ
448 904 510 990 μὲν
533 901 599 991 ἄρα
621 900 688 971 ὑπὸ
713 909 812 971 ΑΕΒ
840 900 922 988 μετὰ
944 907 1005 970 τοῦ
1029 899 1097 972 ἀπὸ
1120 911 1183 972 ΕΖ

167 1020 244 1080 ἴσον
262 1010 353 1079 ἐστὶν
375 1014 421 1101 τῷ
445 1007 509 1077 ἀπὸ
530 1017 594 1078 ΑΖ
619 1011 779 1097 [Euel.11,
799 1011 845 1093 5]‚
868 1007 906 1077 τὸ
931 1008 969 1076 δὲ
990 1005 1059 1077 ὑπὸ
1085 1017 1188 1079 ΛΑΓ

167 1117 248 1204 μετὰ
272 1121 332 1185 τοῦ
355 1115 420 1185 ἀπὸ
435 1122 496 1184 ΓΖ
520 1124 596 1184 ἴσον
616 1115 707 1184 ἐστὶν
725 1118 771 1208 τῷ
791 1113 854 1183 ἀπὸ
870 1122 935 1182 ΑΖ
955 1117 1060 1200 [Eucl.
1075 1118 1119 1205 ΙΙ,
1135 1121 1182 1202 6]·

168 1222 252 1292 ὥστε
274 1227 312 1292 τὸ
335 1221 400 1291 ὑπὸ
423 1229 525 1290 ΑΕΒ
552 1222 634 1310 μετὰ
656 1225 717 1291 τοῦ
741 1218 805 1289 ἀπὸ
829 1229 892 1289 ΕΖ
920 1231 995 1290 ἴσον
1020 1223 1113 1292 ἐστὶν
1137 1233 1181 1314 τῷ

166 1328 231 1398 ὑπὸ
256 1336 358 1398 ΔΑΓ
380 1331 437 1397 καὶ
464 1335 509 1421 τῷ
538 1326 602 1398 ἀπὸ
626 1336 696 1399 ΓΖ.
745 1325 831 1396 ἀλλὰ
857 1327 896 1397 τὸ
925 1326 991 1396 ἀπὸ
1014 1335 1077 1397 ΓΖ
1106 1338 1181 1398 ἴσον

113 1460 147 1508 10
168 1437 258 1505 ἐστὶν
281 1446 326 1527 τῷ
349 1461 384 1504 τε
408 1435 473 1503 ὑπὸ
496 1441 598 1502 ΓΕΑ
620 1436 675 1503 καὶ
698 1446 744 1526 τῷ
768 1433 834 1504 ἀπὸ
859 1442 922 1502 ΕΖ
945 1437 1181 1523 [Ευσ1.Π,5]·

165 1544 221 1609 καὶ
239 1543 357 1609 κοινὸν
376 1540 567 1630 ἀφῃρήσθω
585 1540 623 1609 τὸ
644 1539 708 1608 ἀπὸ
725 1548 789 1608 ΕΖ
810 1540 1036 1630 τετράγωνον·
1061 1542 1181 1610 λοιπὸν

165 1648 231 1733 ἄρα
258 1644 296 1715 τὸ
324 1644 390 1714 ὑπὸ
414 1653 513 1713 ΑΕΒ
548 1656 624 1715 ἴσον
652 1647 742 1716 ἐστὶν
770 1651 816 1740 τῷ
839 1674 874 1716 τε
901 1645 967 1716 ὑπὸ
990 1654 1095 1716 ΓΕΔ
1126 1649 1181 1718 καὶ

165 1757 210 1844 τῷ
234 1749 300 1820 ὑπὸ
323 1759 431 1822 ΔΑΓ.
668 1756 669 1759 ’

232 1877 270 1945 ε’.
295 1875 403 1946 Ἔστω
428 1876 491 1946 δύο
514 1883 662 1965 τρίγωνα
685 1877 725 1948 τὰ
748 1884 857 1964 ΑΒΓ,
877 1886 993 1965 ΔΒΖ,
1016 1881 1073 1948 καὶ
1097 1886 1181 1951 ἔστω

112 2005 145 2053 15
166 1991 221 2072 ἴση
244 1981 265 2070 ἡ
290 1983 352 2071 μὲν
374 1991 407 2053 Γ
425 1989 465 2074 τῇ
490 1993 527 2072 Ζ,
551 1993 672 2074 μείζων
695 1986 732 2054 δὲ
755 1985 775 2073 ἡ
801 1992 829 2052 Β
852 1989 911 2072 τῆς
934 1994 976 2054 Ε·
1001 1983 1053 2055 ὅτι
1076 1984 1097 2075 ἡ
1120 1994 1186 2056 ΒΓ

164 2090 246 2177 πρὸς
275 2098 341 2159 ΓΑ
373 2092 467 2160 ἐλάσ-

648 2166 683 2214 A

164 2218 247 2265 σονα
271 2197 374 2284 λόγον
400 2204 466 2285 ἔχει
1029 2247 1059 2292 A

163 2302 246 2390 ἥπερ
265 2301 285 2390 ἡ
301 2312 364 2371 ΕΖ
384 2303 467 2390 πρὸς

544 2219 796 2600 Α
867 2302 1136 2600 Δ

108 2535 144 2584 20
230 2516 419 2584 συνεστάτω
431 2519 471 2603 τῇ
510 2571 539 2618 B
795 2569 825 2618 Γ
838 2570 870 2617 B
1140 2569 1170 2614 Ζ

163 2628 195 2687 Ε
224 2628 332 2712 γωνίᾳ
364 2632 418 2710 ἴση
449 2620 470 2708 ἡ

162 2723 229 2794 ὑπὸ
254 2734 369 2795 ΓΒΗ·
403 2733 493 2796 ἔστιν
521 2727 558 2795 δὲ
583 2727 639 2795 καὶ
661 2724 682 2814 ἡ
707 2733 739 2795 Γ
765 2737 805 2817 τῇ
829 2735 857 2794 Ζ
886 2735 955 2816 ἴση·
988 2733 1080 2796 ἔστιν
1103 2727 1181 2817 ἄρα,

164 2829 242 2919 ὡςὴ
258 2838 326 2900 ΒΓ
338 2835 423 2919 πρὸς
436 2839 513 2920 ΓΗ,
534 2832 640 2914 οὕτως
653 2834 673 2922 ἡ
688 2842 750 2903 ΕΖ
768 2833 851 2923 πρὸς
866 2843 933 2903 ΖΔ
953 2838 1057 2919 [Eucl.
1067 2838 1125 2922 VI,
1135 2841 1181 2922 4].

163 2938 247 3006 ἀλλὰ
272 2936 292 3025 ἡ
317 2943 385 3006 ΒΓ
406 2942 491 3026 πρὸς
513 2938 574 3026 τὴν
598 2947 659 3009 ΓΑ
686 2941 853 3011 ἐλάσσονα
876 2943 980 3028 λόγον
1004 2948 1070 3029 ἔχει
1094 2943 1180 3032 ἥπερ

108 3043 183 3132 25η
208 3050 274 3113 ΒΓ
296 3042 379 3131 πρὸς
407 3052 479 3113 ΓΗ
502 3050 608 3131 [Eucl.
626 3051 667 3131 V,
690 3053 739 3134 8]·
772 3051 827 3118 καὶ
854 3047 875 3136 ἡ
903 3055 970 3116 ΒΓ
996 3047 1063 3137 ἄρα
1096 3048 1182 3138 πρὸς

163 3159 223 3221 ΓΑ
246 3151 411 3221 ἐλάσσονα
434 3153 539 3241 λόγον
562 3159 628 3242 ἔχει
651 3153 733 3243 ἥπερ
758 3153 778 3243 ἡ
802 3163 866 3224 ΕΖ
888 3153 971 3242 πρὸς
995 3162 1071 3224 ΖΔ.

231 3279 270 3350 ς’.
299 3279 416 3365 Ἐχέτω
437 3276 479 3364 δὴ
498 3277 600 3346 πάλιν
619 3277 639 3366 ἡ
655 3286 721 3348 ΒΓ
739 3282 823 3366 πρὸς
836 3287 896 3349 ΓΑ
919 3286 1054 3368 μείζονα
1073 3279 1180 3369 λόγον

235 3497 259 3546 3.
280 3488 356 3555 ὅπως
374 3523 408 3533 -
427 3498 452 3548 4.
472 3491 600 3563 σημεῖον]
622 3491 676 3547 del.
695 3491 824 3547 Hultsch.
