2452 3900
271 160 421 212 nurocn
439 160 704 212 connsuunnn
721 161 762 213 nr
781 160 922 214 comcs.
1040 159 1104 225 175

89 305 257 388 superant,
287 303 340 367 uel
369 302 445 387 quia
467 306 569 366 ΔΕΖ
597 303 751 368 uerticem
779 304 853 369 coni
881 304 1045 389 egreditur
1073 310 1106 370 et

89 429 162 473 cum
181 411 243 472 ΓΑ
266 411 358 473 extra
381 409 552 473 concurrit.
1004 408 1006 413 ’

156 513 207 578 sin
241 535 341 579 conus
370 515 597 599 acutiangulus
631 518 681 579 est
712 518 807 580 acuto
841 515 963 580 scilicet
994 516 1106 600 posito

87 625 108 695 L
123 623 185 683 BA
191 622 227 703 Γ,
251 625 272 696 L
286 622 385 684 ΒΑΓ
396 621 436 701 -Ι-
453 624 552 684 ΑΕΖ
577 621 702 686 duobus
721 622 818 686 rectis
833 621 975 686 minores
995 626 1105 708 erunt3

88 747 185 810 quare
205 729 277 810 EZ,
291 729 360 790 AF
374 726 550 809 productae
569 727 688 792 alicubi
708 731 901 792 concurrent
920 729 1004 812 [ib.];
1027 751 1104 793 nam

89 1911 206 1954 conum
231 1909 349 1974 augere
372 1910 555 1972 possumus.
600 1890 712 1972 itaque
739 1890 775 1953 in
803 1892 972 1976 superficie
1000 1895 1102 1958 sectio

89 1995 248 2060 efficietur
267 1994 391 2079 ellipsis
412 2016 493 2078 quae
512 1997 657 2078 uocatur,
676 1994 728 2058 cui
746 1995 809 2060 hoc
827 2017 946 2060 nomen
964 1997 1103 2062 inditum

90 2105 152 2185 est,
179 2105 237 2166 aut
264 2101 340 2185 quia
369 2099 480 2185 anguli
508 2100 558 2164 illi
582 2099 707 2164 duobus
731 2101 827 2165 rectis
851 2102 993 2165 minores
1018 2107 1102 2181 sunt,

90 2211 147 2271 aut
169 2208 245 2292 quis
268 2207 392 2291 ellipsis
415 2206 553 2271 circulus
578 2209 628 2270 est
650 2195 867 2289 inperfectus.

156 2312 204 2377 ita
229 2313 330 2397 igitur
357 2315 498 2396 ueteres,
525 2332 599 2376 cum
627 2311 762 2396 planum
787 2333 898 2376 secans
922 2333 980 2396 per
1002 2317 1104 2378 ΔΕΖ

88 2418 232 2502 positum
256 2420 296 2484 sd
318 2423 385 2483 AB
413 2419 499 2483 latus
526 2418 683 2503 trianguli
710 2438 769 2502 per
792 2438 884 2483 axem
908 2419 980 2482 coni
1002 2420 1104 2503 positi

88 2525 355 2608 perpendiculare
374 2528 407 2590 et
421 2528 592 2609 praeterea
611 2545 710 2589 conos
734 2523 823 2587 uarie
847 2523 1005 2589 formatos
1030 2547 1104 2609 sup-

89 2634 258 2714 ponerent,
282 2633 378 2695 etiam
404 2632 438 2696 in
462 2630 601 2715 singulis
626 2630 772 2715 singulas
793 2629 951 2695 sectiones
970 2631 1103 2696 inuesti-

90 2738 267 2819 gauerunt3
299 2735 494 2819 Apollonius
523 2759 615 2821 uero,
644 2737 698 2820 qui
723 2757 838 2800 conum
868 2740 901 2800 et
924 2740 1047 2801 rectum
1072 2741 1105 2801 et

90 2840 256 2904 scalenum
289 2841 473 2924 supposuit,
505 2841 597 2906 uaria
628 2841 720 2925 plani
752 2841 962 2905 inclinatione
994 2843 1103 2907 uarias

89 2945 197 3010 effecit
220 2945 388 3010 sectiones.

158 3052 201 3115 sit
224 3051 310 3115 enim
333 3072 445 3115 rursus
464 3054 501 3115 ut
519 3051 552 3114 in
572 3051 687 3115 iisdem
706 3051 819 3136 figuris
837 3052 972 3135 planum
992 3073 1103 3116 secans

90 3160 125 3220 K
128 3161 206 3241 EA,
224 3156 405 3222 communis
423 3161 531 3221 eutem
547 3156 615 3221 eius
630 3157 781 3241 basisque
796 3157 869 3221 coni
884 3158 984 3222 sectio
999 3160 1034 3220 K
1037 3162 1105 3241 ZA,

90 3283 201 3329 rursus
231 3267 337 3328 autem
366 3263 468 3347 ipsius
501 3263 593 3347 plani
620 3265 725 3326 ΚΕΛ
756 3263 977 3348 triangulique
1006 3266 1110 3328 ΑΒΓ

92 3370 191 3434 sectio
215 3369 394 3433 communis
418 3373 491 3449 ΕΖ,
515 3390 597 3453 quae
621 3367 731 3433 eadem
755 3366 932 3433 diametrus
951 3369 1103 3434 sectionis

90 3477 234 3540 uocatur.
288 3476 353 3540 iarn
387 3475 420 3539 in
453 3476 603 3540 omnibus
638 3474 835 3539 sectionibus
868 3477 936 3538 ΚΛ
968 3474 1013 3537 ud
1048 3478 1108 3535 Ru
