2444 3892
121 134 190 197 264
405 134 669 188 οοιιιοιανιιιιι
686 122 856 200 mmm.

123 270 302 359 τοσαύτας,
337 271 382 354 ὡς
414 271 501 342 εἶναι
534 272 593 354 τὰς
623 274 733 356 πάσας
764 275 904 359 πτώσεις
931 275 1057 346 τούτου
1084 281 1142 346 τοῦ

122 380 343 470 θεωρήματος
367 385 417 469 η’ξ.

515 509 586 584 Εἰς
608 502 649 573 τὸ
674 505 747 592 μδῖ

191 627 295 698 Ἐπεὶ
329 622 400 697 οὖν
433 625 709 716 ἆντικοίμεναί
738 633 842 698 εἴσιν
875 633 917 698 αἴ
946 638 1032 717 ZA,
1063 638 1143 718 BE,

92 728 182 805 σοῖν
213 735 424 823 διάμετρος
451 731 472 821 ἡ
499 741 586 821 ΑΒ,
617 732 638 822 ἡ
667 734 710 803 δὲ
738 734 802 802 διὰ
829 746 900 803 τοῦ
926 735 1143 825 κέντρονη

127 848 235 910 ΖΓΕ
254 842 319 909 καὶ
343 841 614 929 ἐφαπτόμεναι
636 844 713 909 τῶν
735 845 865 929 τομῶν
890 845 932 909 αἴ
948 849 1036 929 ΖΗ,
1061 851 1144 930 AE,

125 948 379 1035 παράλληλός
397 950 506 1016 ἐστιν
524 945 545 1032 η
561 954 630 1017 ΖΗ
641 951 686 1036 τῇ
701 953 788 1032 EA]
809 949 878 1016 ἐπεὶ
896 947 961 1038 γὰρ
976 946 1144 1037 ὑπερβολή

127 1058 217 1124 ἐστιν
245 1053 266 1143 ἡ
290 1061 355 1123 ΑΖ
383 1054 438 1121 καὶ
462 1055 673 1140 ἐφαπτομένη
697 1051 718 1139 ἡ
743 1061 813 1121 ΖΗ
832 1055 888 1122 καὶ
911 1053 1144 1143 κατηνμένηη

128 1169 206 1248 ΖΟ,
235 1171 310 1230 ἴσον
338 1162 408 1229 ἐστὶ
435 1163 471 1228 τὸ
495 1156 560 1228 ὑπὸ
585 1166 690 1228 ΟΓΗ
707 1164 753 1251 τῷ
778 1158 842 1229 ἀπὸ
866 1168 931 1229 ΓΑ
954 1161 1074 1230 διὰτὸ
1098 1160 1144 1243 λζ’

74 1285 109 1334 10
128 1267 302 1354 θεώρημα·
333 1264 456 1354 ὁμοίως
484 1267 525 1353 δὴ
553 1267 610 1334 καὶ
636 1269 673 1334 τὸ
701 1262 767 1334 ὑπὸ
795 1269 895 1343 ΞΓΔ
922 1271 967 1358 τῷ
991 1264 1059 1336 ὑπὸ
1083 1274 1143 1336 ΓΒ

128 1377 220 1443 ἐστιν
244 1383 329 1442 ἴσον.
366 1378 457 1442 ἔστιν
480 1371 557 1462 ἄρα,
582 1369 626 1452 ὡς
648 1370 685 1440 τὸ
709 1369 775 1441 ὑπὸ
797 1379 902 1441 ΟΓΗ
919 1372 1005 1462 πρὸς
1022 1373 1062 1442 τὸ
1082 1372 1144 1442 ἀπὸ

128 1585 200 1669 λάξ,
225 1583 269 1665 ὡς
287 1584 324 1653 τὸ
347 1582 414 1651 ὑπὸ
438 1589 543 1651 ΟΓΗ
556 1582 640 1671 πρὸς
662 1583 700 1651 τὸ
723 1582 788 1652 ὑπὸ
808 1585 918 1673 ΞΓΔ,
942 1589 979 1653 τὸ
999 1583 1067 1654 ἀπὸ
1086 1591 1151 1653 ΑΓ

18 1773 20 1778 ,
129 1696 214 1776 πρὸς
240 1694 277 1758 τὸ
305 1688 369 1757 ἀπὸ
393 1695 463 1758 ΓΒ.
510 1699 585 1758 ἴσον
609 1689 647 1758 δὲ
669 1691 706 1758 τὸ
732 1688 798 1759 ἀπὸ
823 1696 894 1759 ΑΓ
910 1694 956 1783 τῷ
980 1689 1048 1760 ἀπὸ
1073 1698 1146 1759 ΓΒ·

76 1814 110 1862 15
131 1805 206 1864 ἴσον
226 1796 291 1884 ἄρα
310 1797 365 1864 καὶ
383 1794 421 1864 τὸ
442 1793 507 1865 ὑπὸ
529 1803 633 1864 ΟΓΗ
646 1800 691 1888 τῷ
711 1793 776 1865 ὑπὸ
796 1799 905 1874 ΞΓΛ.
940 1802 1001 1864 καί
1017 1794 1146 1884 ἐστινὴ

132 1909 198 1970 OF
214 1906 253 1992 τῇ
275 1905 336 1980 ΓΞ
353 1913 422 1991 ἴση·
445 1905 500 1973 καὶ
519 1901 540 1992 ἡ
558 1910 633 1971 ΗΓ
646 1902 713 1993 ἄρα
732 1907 771 1992 τῇ
791 1909 857 1970 ΓΔ
876 1906 966 1972 ἐστιν
987 1913 1056 1991 ἴση·
1081 1910 1148 1973 ἔστι

132 2010 169 2078 δὲ
192 2012 247 2078 καὶ
270 2007 291 2097 ἡ
312 2015 430 2101 ΖΓτη
450 2018 515 2080 ΓΒ
531 2011 588 2080 διὰ
605 2013 644 2080 τὸ
664 2011 709 2078 λ’·
735 2013 771 2077 αἱ
788 2009 854 2099 ἄρα
874 2017 980 2078 ΖΓΗ
994 2018 1065 2078 ἴσαι
1085 2010 1147 2079 εἴσὶ

130 2131 203 2196 ταῖς
216 2124 326 2186 ΕΓΔ.
363 2119 418 2185 καὶ
437 2125 561 2203 γωνίας
580 2126 652 2197 ἴσας
670 2118 862 2203 περιέχουσι
875 2114 935 2195 τὰς
948 2116 1032 2201 πρὸς
1047 2121 1092 2209 τῷ
1107 2122 1146 2184 Γ·

130 2222 214 2291 κατὰ
237 2226 393 2314 κορυφὴν
412 2224 485 2313 γάρ.
522 2222 605 2291 ὥστε
627 2226 683 2292 καῖ
707 2221 728 2310 ἡ
748 2230 820 2291 ΖΗ
837 2226 877 2311 τῇ
896 2230 965 2289 EA
984 2225 1075 2291 ἐστιν
1095 2232 1147 2309 ἴση

77 2346 113 2396 20
132 2331 188 2398 καὶ
203 2329 222 2416 ἡ
238 2329 304 2398 ὑπὸ
315 2336 420 2398 ΓΖΗ
430 2335 537 2415 γωνία
551 2332 590 2417 τῇ
605 2327 671 2396 ὑπὸ
687 2336 796 2398 ΓΕΔ.
823 2335 883 2397 καί
894 2333 980 2397 εἰσιν
996 2328 1148 2410 ἐναλλάξ·

132 2436 344 2525 παράλληλος
367 2435 432 2522 ἄρα
455 2436 546 2503 ἐστὶν
569 2432 590 2520 ἡ
616 2441 685 2502 ΖΗ
705 2448 744 2524 τῇ
769 2444 846 2504 EA.

200 2546 238 2611 αἱ
258 2542 398 2621 πτώσεις
422 2540 527 2610 αὐτοῦ
551 2529 588 2625 ιβ
609 2545 706 2628 εἰσιν,
729 2542 883 2630 καθάπερ
907 2543 961 2610 ἐπὶ
978 2546 1037 2630 τῆς
1055 2541 1148 2630 ὑπερ-

134 2654 239 2737 βολῆς
263 2652 299 2718 ἐν
322 2661 367 2741 τῷ
391 2646 449 2736 μηῖ
473 2652 550 2733 ἔχει,
573 2646 629 2713 καὶ
652 2643 673 2731 ἡ
697 2644 867 2729 ἀπόδειξις
889 2648 910 2735 ἡ
932 2647 1027 2735 αὐτή.

528 2846 597 2920 Εἴς
619 2844 661 2910 τὸ
686 2843 754 2930 με’.

80 2982 116 3031 25
199 2963 392 3052 Ἐπιστησαι
410 2965 473 3052 χρὴ
491 2969 536 3056 τῷ
556 2967 750 3056 θεωρήματι
768 2968 874 3058 τούτῳ
893 2972 1028 3047 πλείους
1042 2972 1150 3054 ἔχοντι

135 3071 284 3149 πτώσεις.
331 3071 383 3137 ἐπὶ
411 3070 472 3156 μὲν
498 3071 562 3158 γὰρ
586 3078 644 3161 της
666 3071 853 3162 ὑπερβολῆς
875 3079 941 3161 ἔχει
964 3080 1001 3136 E·
1024 3072 1063 3141 τὸ
1087 3071 1149 3160 γὰρ

187 3270 239 3346 .3·.
256 3262 310 3347 Hip
329 3262 380 3388 ξμς
398 3263 430 3320 τὸ
449 3264 496 3336 με’
517 3268 535 3322 1.
555 3273 590 3321 τι
609 3299 640 3308 -
659 3287 686 3338 p.
706 3274 767 3337 τοο,
787 3275 822 3323 24
844 3267 909 3323 hab.
928 3267 973 3323 W.
1063 3275 1086 3322 ι.
1106 3267 1151 3338 τῇ]

138 3352 318 3495 Em
337 3355 406 3465 εἴ
422 3339 1021 3480 00ιῖιῖ0]ἴῖιῖἴεῖἴῖἴῖἴῖιε
1046 3339 1150 3487 ,0Ιῖἴῖ

137 3479 223 3551 (alt.)]
243 3498 300 3534 οπο
319 3498 346 3549 p.
440 3487 480 3536 11.
507 3481 610 3553 ΟΓΗ]
633 3483 721 3536 &PH
738 3480 812 3550 Wp,
836 3497 905 3536 corr.
925 3481 1031 3536 Comm.
1111 3486 1151 3535 12.
