2444 3892
125 153 189 219 188
404 155 668 211 οοωεεεννεειε
684 154 855 218 mmm.

123 322 206 383 τρον
232 299 269 363 τὸ
294 301 337 380 Γ,
364 298 420 364 καλ
448 297 589 384 σημεῖόν
611 322 642 364 τι
666 294 833 383 μετέωρον
856 297 893 362 τὸ
916 302 966 378 Δ,
994 294 1057 362 καὶ
1083 296 1152 363 ἐπι

125 409 298 488 ζευχθεϊσα
321 398 342 487 ἡ
368 409 434 469 AB
458 404 672 490 ἐκβεβλήσθω
696 405 745 480 είς
767 398 906 486 ἄπειρον
925 398 980 486 ἐφ’
1003 400 1151 490 ἑκάτερα

124 504 209 595 μέρη
231 505 276 588 ῶς
299 507 352 575 ἐπὶ
374 507 414 576 τὰ
438 517 478 594 Ε,
498 518 534 577 Ζ.
571 508 631 578 ἐὰν
655 506 697 594 δὴ
720 507 882 595 μένοντος
898 510 961 575 τοῦ
979 514 1014 573 Δ
1034 504 1057 594 ἡ
1081 515 1149 576 AB

125 614 282 699 φέρηται,
316 615 377 692 ἕως
408 610 453 683 ῶν
484 618 521 683 τὸ
550 621 578 681 Β
612 612 751 701 ἐνεχθὲν
782 613 864 681 κατὰ
896 623 955 699 τῆς
987 617 1053 681 τοῦ
1084 622 1151 682 ΑΒ

90 719 251 789 σκύκλον
273 726 485 807 περιφερείας
509 720 562 789 ἐπὶ
584 719 622 789 τὸ
647 717 730 787 αύτὸ
748 716 851 787 πάλιν
870 714 1149 810 ἀποκατασταθῇ,

125 823 209 896 ὅθεν
245 825 368 915 ἤρξατο
406 828 592 916 φέρεσθαι,
629 826 784 913 γεννήσει
823 823 1022 913 ἐπιφάνειάν
1057 854 1148 913 τινα,

124 931 197 1019 ἥτις
229 934 398 1021 σύγκειται
426 937 462 1002 ἐκ
491 933 555 1002 δύο
585 937 789 1021 ἐπιφανειῶν
816 930 1014 1018 ἁπτομένων
1043 932 1148 1021 ἄλλη-

125 1047 194 1108 λων
222 1041 305 1110 κατὰ
332 1048 370 1111 τὸ
399 1051 447 1125 A,
479 1038 522 1127 ἣν
554 1042 610 1108 καὶ
638 1047 734 1109 καλεῖ
757 1037 907 1125 κωνικὴν
934 1037 1147 1126 ἐπιφάνειαν.

126 1148 209 1234 φησὶ
233 1149 285 1234 δέ,
314 1150 365 1218 ὅτι
392 1149 448 1216 καὶ
471 1153 519 1228 είς
541 1148 681 1237 ἄπειρον
705 1145 838 1228 αὔξεται
862 1143 978 1213 διὰτὸ
1002 1145 1061 1212 καὶ
1084 1146 1147 1232 τὴν

75 1271 108 1320 10
126 1254 328 1342 γράφουσα-ν
355 1252 461 1341 αὐτὴν
489 1252 628 1322 εὐθεῖαν
658 1247 732 1321 οἷον
755 1253 818 1339 τὴν
840 1258 908 1319 AB
932 1256 980 1331 είς
1003 1249 1146 1339 ἄπειρον

127 1360 357 1447 ἐκβάλλεσθαι.
393 1360 548 1447 κορυφὴν
573 1358 609 1427 δὲ
632 1363 691 1445 τῆς
715 1362 910 1446 ἐπιφανείας
931 1360 1019 1443 λέγει
1042 1363 1082 1426 τὸ
1102 1366 1146 1444 A,

127 1464 231 1549 ἄξονα
254 1466 292 1535 δὲ
314 1469 377 1552 τὴν
399 1473 476 1535 ΔΓ.

195 1576 306 1640 κῶνον
331 1572 369 1640 δὲ
391 1574 480 1657 λέγει
498 1575 535 1639 τὸ
554 1569 794 1658 περιεχόμενον
817 1575 926 1658 σχῆμα
944 1565 1011 1637 ὑπό
1029 1597 1066 1638 τε
1085 1574 1145 1639 τού

126 1685 192 1745 ΑΒ
220 1676 346 1745 κύκλον
373 1676 429 1743 καὶ
457 1680 518 1764 τῆς
547 1678 756 1763 ἐπιφανείας,
783 1672 827 1762 ἣν
856 1675 942 1763 μόνη
970 1675 1097 1763 γράφει
1123 1674 1145 1763 ἡ

74 1801 107 1851 15
128 1789 194 1851 AB
218 1781 353 1867 εὐθεῖα,
377 1781 533 1871 κορυφὴν
557 1783 594 1852 δὲ
615 1786 678 1852 τοῦ
699 1786 812 1851 κῶνον
834 1782 872 1851 τὸ
898 1792 946 1869 Δ,
974 1780 1082 1864 ἄξονα
1107 1781 1143 1850 δὲ

126 1888 189 1977 τὴν
210 1896 288 1976 ΔΓ,
311 1892 411 1978 βάσιν
435 1891 473 1961 δὲ
495 1897 554 1961 τὸν
578 1899 643 1960 ΑΒ
666 1888 801 1959 κύκλον.

195 2000 251 2068 καὶ
279 1997 338 2068 ἐὰν
361 1999 423 2086 μὲν
448 1997 468 2087 ἡ
493 2007 563 2068 ΔΓ
582 2001 667 2089 πρὸς
690 1996 796 2087 ὀρθὰς
818 1989 839 2086 ᾖ
863 2001 908 2086 τῶ
932 2004 998 2064 AB
1021 1995 1144 2089 κύκλῳ,

129 2105 238 2196 ὀρθὸν
262 2116 358 2176 καλεῖ
377 2113 437 2176 τὸν
459 2113 583 2194 κῶνον,
608 2107 668 2176 ἐὰν
691 2106 728 2175 δὲ
751 2103 795 2194 μὴ
818 2108 901 2194 πρὸς
924 2102 1042 2188 ὀρθῶς,
1066 2125 1145 2172 σκα-

129 2214 250 2301 ληνόν·
277 2215 452 2302 γενήσεται
480 2215 517 2283 δὲ
540 2218 648 2292 κῶνος
671 2211 851 2301 σκαληνός,
880 2208 961 2279 ὅταν
984 2210 1147 2298 λαβόντες

76 2337 111 2386 20
130 2320 255 2390 κύκλον
279 2321 343 2389 ἀπὸ
366 2328 427 2391 τοῦ
450 2322 591 2405 κέντρον
615 2316 720 2387 αὐτοῦ
743 2317 983 2405 ἀναστήσωμεν
1001 2315 1145 2385 εὐθεῖαν

129 2428 173 2514 μὴ
201 2434 284 2515 πρὸς
313 2427 422 2516 ὀρθὰς
442 2431 488 2518 τῷ
513 2428 657 2516 ἐπιπέδῳ
681 2430 743 2494 τοῦ
765 2424 906 2511 κύκλον,
934 2423 998 2491 ἀπὸ
1023 2424 1060 2490 δὲ
1084 2428 1145 2492 τοῦ

128 2534 298 2624 μετεώρου
330 2540 470 2621 σημείου
501 2537 559 2619 της
586 2531 811 2617 ἀναταθείσης
839 2529 974 2610 εὐθείας
1004 2530 1057 2597 ἐπὶ
1085 2534 1146 2598 τὸν

128 2640 254 2710 κύκλον
286 2641 503 2727 ἐπιζεύξωμεν
537 2635 676 2706 εὐθεῖαν
707 2638 763 2706 καί
795 2635 1049 2725 περιαγύγωμεν
1081 2635 1145 2722 τὴν

130 2750 381 2835 ἐπιζευχθείσαν
409 2745 548 2814 εὐθεῖαν
576 2744 651 2830 περὶ
678 2747 738 2812 τὸν
760 2743 885 2811 κύκλον
909 2747 970 2811 τού
992 2747 1076 2829 πρὸς
1098 2748 1146 2836 τῳ

77 2867 111 2916 25
131 2853 283 2944 μετεώρῳ
316 2858 440 2942 σημείῳ
473 2857 531 2938 τῆς
559 2850 784 2936 οἷναταθείσης
811 2851 983 2938 μένοντος·
1013 2853 1051 2918 τὸ
1080 2848 1146 2937 γὰρ

130 2959 350 3047 προσληφθὲν
375 2962 483 3046 σχῆμα
506 2963 616 3037 κῶνος
638 2963 729 3025 ἔσται
752 2955 927 3043 σκαληνός.

129 3088 273 3095 ---«--
281 3089 289 3095 ,
306 3088 329 3093 ..-

201 3159 226 3208 2,
246 3151 297 3223 εἰς]
318 3148 363 3207 ἐπ’
380 3170 407 3221 p.
499 3160 524 3208 3.
545 3150 593 3225 δή]
613 3151 645 3207 δέ
663 3153 733 3222 Wp,
754 3169 822 3208 corr.
842 3154 948 3225 comm.
1034 3152 1098 3223 AB]
1120 3158 1146 3206 A

131 3222 377 3280 ecorr.m.1W.
442 3229 465 3279 5.
486 3219 726 3279 ἅπακατασταθεῑ
739 3224 784 3279 W.
850 3230 874 3278 9.
894 3224 980 3292 φησίν
994 3222 1038 3278 W.
1102 3226 1146 3279 10.

132 3297 195 3366 AB]
216 3313 247 3364 p,
272 3300 321 3350 AB
341 3295 385 3349 W.
469 3300 509 3350 15.
534 3291 729 3420 sdvstahom.
749 3313 776 3364 p.
858 3291 889 3350 τὸ
910 3291 1019 3360 Δᾶξο-
1042 3293 1147 3348 iuras,

131 3385 167 3421 m.
189 3373 202 3420 1
223 3366 267 3422 W.
354 3373 396 3422 22.
416 3362 626 3436 ἀνασταθείσης
671 3366 743 3435 alley
762 3368 795 3420 ut
812 3364 861 3420 lin.
881 3372 923 3421 26.
1014 3371 1057 3419 26.
1077 3384 1146 3433 προ-

130 3437 244 3507 ληφθέν
267 3439 342 3510 Wp,
369 3455 439 3493 corr.
462 3456 523 3507 νας
551 3439 615 3493 fort.
634 3437 821 3506 περιληφθέν.
926 3436 956 3491 Ιω
980 3437 1026 3506 fig.
1046 3441 1070 3490 Λ
1093 3453 1146 3505 pro

130 3509 400 3578 AW‚corr.m.2.
