2444 3892
128 130 194 194 282
409 129 673 183 ΟΟΜΜΕΝΤΔΒΙΑ
689 126 861 193 mmm

127 282 228 341 θεῖσα
259 269 281 357 ἡ
308 277 379 338 ΚΑ
411 269 627 356 συμβαλλέτω
657 279 699 358 τῇ
728 275 811 337 AM
830 266 916 336 κατὰ
942 267 981 338 τὸ
1010 277 1067 357 Μ,
1083 271 1146 339 .καῖ

126 376 339 463 πεποιήσθω,
367 374 413 456 ὡς
440 374 460 463 ἡ
489 381 553 442 ΘΖ
580 373 664 462 πρὸς
692 382 774 463 ΖΗ,
799 372 821 461 ἡ
846 381 928 443 ΛΜ
949 378 1036 461 πρὸς
1059 384 1147 463 ΜΝ,

125 485 183 551 καῖ
213 487 254 571 τῇ
286 489 359 550 ΛΝ
390 491 445 569 ἴση
478 487 561 549 ἔστω
593 479 718 568 ἡΛΞ,
745 482 802 549 καὶ
829 481 1088 569 ἐπεζεύχθωσαν
1115 487 1149 552 αἴ

127 596 215 677 ΝΚ,
238 593 307 664 ΚΞ
335 589 392 657 ναὶ
424 587 722 675 ἐκβεβλήσθωσαν,
754 587 811 656 καὶ
838 588 1103 678 ἆναπληρωθεῖς
1129 588 1146 659 ὁ

90 696 247 776 σκύκλος
272 696 418 784 τεμνέτω
446 691 551 774 αὐτὰς
576 692 724 762 κατὰτὰ
747 701 799 780 Π,
819 701 859 781 Ο,
880 695 937 762 ναὶ
961 697 1147 784 ἐπεζεύχθω

126 801 148 889 ἡ
174 810 284 870 ΟΡΠ.

194 910 264 978 ἐπεὶ
293 901 356 978 οὖν
380 911 487 994 ἐστιν,
514 905 559 989 ὡς
581 906 603 994 ἡ
627 915 689 975 πυ
710 908 794 993 πρὸς
817 914 899 993 ΖΗ,
927 905 949 994 ἡ
972 916 1056 977 AM
1068 911 1150 997 πρὸς

127 1022 220 1101 ΜΝ,
254 1016 431 1100 συνθέντι,
464 1013 509 1094 ὡς
541 1014 563 1100 ἡ
592 1021 666 1083 ΘΗ
693 1012 777 1103 πρὸς
804 1020 888 1100 ΗΖ,
915 1011 937 1100 ἡ
966 1022 1041 1083 AN
1067 1015 1149 1103 πρὸς

127 1128 219 1191 ΝΜ·
239 1120 416 1208 ἀνάπαλιν,
436 1119 481 1201 ὡς
499 1148 520 1207 η
541 1128 613 1188 ΖΗ
626 1118 710 1208 πρὸς
726 1126 807 1206 ΗΘ,
824 1117 846 1206 ἡ
865 1126 952 1187 ΝΜ
963 1120 1048 1209 πρὸς
1067 1129 1108 1189 Ν
1110 1130 1148 1208 A,

76 1249 109 1297 10
128 1227 173 1309 ὡς
201 1228 239 1297 δὲ
266 1227 287 1315 ἡ
317 1236 388 1296 ΖΗ
409 1228 493 1317 πρὸς
519 1235 603 1313 ΗΕ,
630 1225 652 1314 ἡ
677 1234 760 1296 ΜΝ
778 1225 863 1315 πρὸς
881 1229 963 1303 ΝΞ·
992 1229 1149 1313 διελόντι,

128 1335 173 1416 ὥς
195 1333 216 1422 ἡ
240 1343 313 1403 ΖΗ
330 1333 415 1421 πρὸς
438 1341 511 1419 ΖΕ,
533 1332 555 1421 ἡ
585 1340 670 1401 ΝΜ
688 1332 772 1422 πρὸς
794 1335 874 1410 ΜΞ.
919 1333 975 1400 καῖ
999 1335 1071 1401 ἐπεὶ
1095 1343 1149 1421 ἴση

128 1441 219 1510 ἐστὶν
243 1438 263 1524 ἡ
287 1448 359 1508 NA
381 1454 421 1530 τῇ
447 1444 519 1526 ΛΞ,
542 1439 640 1527 ποινὴ
664 1439 776 1508 δὲκαὶ
794 1439 879 1526 πρός
898 1437 1047 1528 ὀρθὰςὴ
1069 1448 1148 1526 AK,

128 1556 183 1633 ἴση
212 1545 278 1633 ἄρα
304 1547 360 1614 καὶ
388 1544 508 1632 MN
530 1550 571 1634 τῇ
601 1548 675 1622 ΚΞ.
721 1551 791 1614 ἔστι
819 1546 857 1614 δὲ
883 1548 939 1613 καὶ
967 1543 988 1633 ἡ
1012 1553 1084 1614 ΚΟ
1110 1551 1149 1635 τῇ

126 1659 203 1719 ΚΠ
229 1659 298 1736 ἴση·
330 1650 542 1737 παράλληλος
573 1649 639 1739 ἄρα
670 1648 692 1738 ἡ
725 1654 797 1728 ΝΞ
825 1655 865 1741 τῇ
901 1659 976 1721 ΟΠ.
1028 1651 1149 1740 ὅμοιον

78 1779 110 1828 15
129 1755 195 1842 ἄρα
225 1754 262 1824 τὸ
290 1764 413 1824 ΚΜΝ
440 1762 607 1845 τρίγωνον
639 1762 685 1848 τῷ
717 1764 817 1825 ΟΚΡ
843 1757 1000 1850 τριγώνῳ
1028 1761 1086 1827 καὶ
1112 1760 1149 1827 τὸ

127 1864 239 1939 ΚΜΞ
268 1867 313 1955 τῷ
345 1870 456 1932 ΠΡΚ.
503 1870 594 1934 ἔστιν
627 1863 708 1952 ἄρα,
740 1860 785 1944 ὡς
811 1861 832 1952 ἡ
861 1871 944 1933 ΚΜ
964 1865 1049 1953 πρὸς
1078 1872 1149 1952 KP,

127 1967 148 2057 ἡ
169 1976 252 2038 ΜΝ
265 1974 348 2059 πρὸς
365 1979 434 2039 ΡΟ.
476 1970 561 2040 ἀλλὰ
580 1976 647 2058 καί,
669 1969 714 2051 ὦς
731 1968 816 2057 αὕτη
835 1967 856 2057 ἡ
876 1978 912 2039 K
914 1979 960 2038 M
971 1976 1055 2061 πρὸς
1074 1980 1109 2041 K
1113 1980 1150 2059 P,

128 2075 243 2162 &ME
263 2082 345 2166 πρὸς
364 2086 442 2146 ΠΡ·
466 2080 521 2147 καὶ
546 2077 590 2159 ὡς
613 2077 679 2167 ἄρα
701 2075 722 2164 ἡ
742 2084 828 2144 ΝΜ
838 2081 923 2165 πρὸς
940 2086 1011 2164 ΡΟ,
1034 2078 1056 2165 ἡ
1080 2082 1153 2156 ΜΞ

128 2188 209 2271 πρὸς
233 2193 311 2251 ΠΡ·
340 2185 396 2253 καὶ
421 2184 577 2270 ἐναλλάξ,
605 2182 651 2263 ὡς
673 2184 694 2271 ἡ
718 2190 803 2251 ΝΜ
819 2189 903 2271 πρὸς
927 2187 1013 2270 ΜΞ,
1041 2182 1063 2271 ἡ
1091 2193 1155 2253 ΟΡ

75 2310 110 2358 20
128 2296 212 2376 πρὸς
238 2299 312 2359 ΡΠ.
368 2290 441 2359 ἀλλ’
472 2289 518 2370 ὡς
550 2290 611 2378 μὲν
643 2288 664 2375 ἡ
693 2297 778 2357 ΝΜ
799 2294 883 2376 πρὸς
910 2293 996 2375 ΜΞ,
1029 2287 1050 2376 ἡ
1081 2299 1150 2360 ΗΖ

128 2403 210 2484 πρὸς
238 2405 315 2483 ΖΕ,
343 2399 515 2466 τουτέστιν
543 2394 564 2482 ἡ
594 2403 664 2462 ΔΕ
689 2401 772 2482 πρὸς
799 2404 878 2482 ΕΖ,
907 2395 952 2476 ὡς
979 2394 1062 2483 No}
1090 2406 1154 2465 ΟΡ

128 2510 211 2591 πρὸς
229 2512 306 2589 ΡΠ,
328 2509 367 2572 τὸ
391 2503 455 2572 ἀπὸ
477 2510 540 2569 ΟΡ
558 2507 642 2589 πρὸς
662 2507 700 2570 τὸ
723 2499 789 2570 ὑπὸ
810 2509 915 2570 ΟΡΠ·
939 2504 994 2570 καὶ
1019 2500 1064 2582 ὡς
1082 2503 1149 2591 ἄρα

129 2607 149 2695 η
168 2616 238 2676 ΔΕ
255 2614 337 2697 πρὸς
356 2619 428 2695 ΕΖ,
452 2615 490 2678 τὸ
513 2606 577 2676 ιἰπὸ
598 2615 662 2675 ΟΡ
676 2613 759 2695 πρὸς
776 2614 814 2677 τὸ
833 2612 898 2677 ὑπὸ
920 2616 1028 2677 ΟΡΠ.
1071 2618 1149 2679 ἴσον

130 2716 167 2784 δὲ
193 2722 230 2785 τὸ
253 2715 318 2785 ὑπὸ
345 2723 446 2783 ΟΡΠ
465 2719 511 2808 τῷ
535 2712 600 2783 ὑπὸ
624 2719 729 2783 ΑΡΓ.
775 2712 820 2794 ὡς
842 2713 908 2803 ἄρα
930 2712 951 2801 ἡ
973 2723 1045 2782 ΛΕ
1064 2722 1151 2805 πρὸς

76 2841 111 2890 25
131 2831 204 2909 EZ,
227 2822 263 2891 τὸ
288 2821 354 2892 ἀπὸ
380 2829 444 2889 ΟΡ
461 2828 545 2911 πρὸς
566 2822 603 2890 τὸ
624 2819 689 2889 ὑπὸ
715 2828 820 2891 ΑΡΓ.

201 3024 224 3071 3.
252 3016 334 3091 ἔστω]
358 3040 394 3072 -ω
419 3018 448 3072 in
466 3035 520 3073 rae.
540 3017 584 3072 W.
677 3020 700 3072 ὅ.
726 3018 763 3084 Ο,
783 3019 814 3069 Π
834 3016 937 3084 Halley
955 3034 1019 3072 cum
1038 3017 1147 3074 Comm.

167 3094 207 3144 10.
227 3087 271 3161 δέ]
288 3087 361 3160 Nea?
417 3094 457 3143 12.
475 3089 547 3160 ΛΞ]
562 3093 613 3142 AZ
627 3087 696 3157 Wp,
712 3103 781 3141 corr.
792 3085 898 3143 comm.
955 3094 996 3144 13.
1013 3086 1147 3144 ἔστινΝ,

167 3167 207 3215 15.
222 3163 336 3233 KMN]
351 3165 418 3215 ΚΜ
428 3162 497 3229 Wp,
513 3177 582 3215 corr.
594 3159 700 3214 Comm.
754 3159 806 3232 τῷ]
826 3174 893 3213 corr.
906 3175 940 3213 ex
953 3155 986 3213 τό
1000 3161 1046 3215 W.
1104 3166 1148 3216 17.

130 3227 216 3303 αὐτή]
236 3228 254 3300 ἡ
271 3229 361 3302 αὐτήν
418 3238 459 3286 18.
480 3232 563 3304 ΝΜ]
586 3233 654 3284 ΗΜ
670 3230 739 3300 Wp,
758 3245 827 3284 corr.
841 3228 953 3298 Halley,
971 3248 1024 3285 mn
1038 3229 1147 3287 Comm.

165 3308 208 3356 20.
229 3305 295 3375 ΗΖ]
315 3323 342 3374 p,
362 3308 382 3357 Z
402 3303 445 3360 W.
518 3308 561 3358 25.
581 3302 675 3373 ΑΡΓ]
697 3303 776 3355 ΑΡΟ
794 3300 864 3370 Wp,
883 3316 952 3356 corr.
973 3301 1079 3356 Comm.

532 3465 745 3475 ...-.-...-.-
