2444 3892
146 144 191 208 40
544 144 712 199 ΚΩΝΙΚΩΝ
729 141 769 198 θ’.
853 180 856 185 -

147 283 252 370 λόγον
276 282 296 370 ἡ
320 292 388 351 ΑΛ
411 283 495 374 πρὸς
513 291 589 370 ΛΒ,
613 286 713 372 ἐχέτω
736 280 844 370 ἡΑΟ
862 282 948 372 πρὸς
975 290 1056 370 ΟΒ,
1081 279 1124 354 ὃν
1140 284 1173 354 δέ

147 404 214 485 ἔχει
241 398 345 485 λόγου
373 396 394 485 ἡ
419 405 489 466 ΔΛ
511 399 595 487 πρὸς
617 405 692 485 ΛΓ,
720 397 819 486 ἐχέτω
842 395 863 485 ἡ
887 407 970 467 ΛΠ
989 399 1082 486 πρὸς
1104 405 1171 468 ΠΓ.

147 540 169 600 η
199 515 264 602 ἄρα
292 512 357 583 ιἰπὸ
386 519 448 582 τού
470 522 509 581 Π
533 514 585 582 ἐπὶ
612 514 650 581 τὸ
676 520 705 580 Ο
732 514 995 601 ἐπιζευγνυμένη
1020 517 1171 602 ἐκβαλλο-

149 627 234 714 μένη
267 627 320 715 ἐφ’
347 627 484 717 ἑκάτερα
513 642 728 716 συμπεσεῖται
754 631 794 717 τῇ
821 632 922 717 τομῇ,
956 629 1017 697 καὶ
1048 633 1090 697 αἱ
1114 627 1169 698 ἀπὸ

113 746 217 810 οτι-ὄν
247 742 470 831 πομπεύσεων
494 744 546 812 ἐπὶ
569 741 607 810 τὸ
631 748 662 809 Λ
686 741 958 830 ἐπιζευγνύμεναι
982 744 1169 832 ἐφάψονιαι

149 868 218 924 τῶν
246 861 365 943 τομῶν.
413 858 622 945 συμπιπτέτω
647 857 689 944 δὴ
717 859 800 925 κατὰ
824 857 865 925 τὰ
888 865 926 945 Θ,
944 866 988 946 Ρ,
1016 861 1080 928 καὶ
1109 863 1168 929 ἐπε

151 971 346 1059 ζεύχθωσαν
361 976 398 1040 αἱ
410 980 480 1058 ΘΛ,
491 979 568 1040 ΛΡ·
588 971 776 1058 ἐφύψονται
792 971 833 1059 δὴ
848 963 955 1040 αὗται.
988 972 1009 1060 η
1026 974 1101 1065 ἄρα
1114 982 1169 1044 ΕΛ

149 1086 261 1174 τέμνει
285 1089 443 1175 ἑκατέραν
466 1087 581 1175 τομήν,
606 1078 737 1175 ἐπείπερ
759 1086 880 1174 μεταξὺ
901 1091 971 1155 τῶν
989 1096 1032 1176 Β,
1048 1097 1085 1158 Γ
1099 1091 1167 1177 σύμ-

150 1223 274 1282 πτωσις
302 1199 363 1269 ούκ
391 1208 467 1270 ἔστι.
513 1199 657 1288 τεμνέτω
680 1187 764 1285 κατύιΙ
786 1201 827 1270 τὰ
846 1209 896 1289 Μ,
910 1208 958 1269 Η·
988 1209 1090 1274 ἔσται
1113 1204 1169 1290 ἄρα

99 1333 133 1382 10
152 1316 210 1384 διὰ
232 1316 295 1403 μέν
317 1318 380 1403 τὴν
400 1318 516 1406 ἑτέραν
534 1315 651 1404 τομήν,
675 1314 719 1396 ὡς
738 1313 759 1404 ἡ
777 1324 844 1386 ΕΛ
862 1317 945 1405 πρὸς
964 1324 1053 1407 ΛΗ,
1073 1317 1096 1406 ἡ
1114 1324 1171 1387 ΕΝ

149 1431 233 1519 πρὸς
260 1438 350 1515 ΝΗ,
379 1432 435 1497 διὰ
464 1431 503 1498 δέ
529 1429 590 1517 τὴν
619 1432 747 1519 έτέραν,
776 1429 821 1510 ὡς
846 1428 868 1518 ἡ
892 1438 959 1500 ΕΛ
977 1437 1068 1520 πρὸς
1091 1439 1166 1519 ΛΜ,

150 1543 171 1630 ἡ
196 1551 271 1625 ΕΝ
294 1543 376 1632 πρὸς
398 1551 486 1611 ΝΜ.
533 1556 632 1614 τοῦτο
662 1546 699 1614 δὲ
726 1544 909 1614 ἀδύνατον·
936 1544 1025 1615 ὥστε
1056 1549 1112 1616 καλ
1136 1552 1167 1615 τὸ

151 1658 184 1737 ἐξ
208 1657 341 1745 ἄοκῆς.»
686 1706 688 1715 ‹

220 1771 279 1838 ἐὰν
304 1772 341 1840 δὲ
364 1775 401 1839 αἱ
423 1781 499 1861 ΑΒ,
514 1781 584 1842 ΛΓ
602 1776 810 1864 παράλληλοι
833 1768 928 1862 ὦσιν,
952 1781 1092 1845 ἔσονται
1113 1777 1166 1865 μὶν

98 1906 131 1954 15
151 1889 189 1953 αλ
209 1888 308 1973 τομαὶ
327 1890 487 1971 ἐλλείψεις
505 1885 526 1973 ἢ
544 1890 671 1960 κύκλου
688 1893 890 1980 περιφέρεια.
927 1891 1166 1979 τετμήσθωσαν

152 2004 190 2069 αἱ
207 2011 283 2090 ΑΒ,
304 2011 366 2072 ΓΔ
389 2011 466 2093 δίχα
488 2006 572 2075 κατὰ
596 2005 636 2076 τὰ
658 2014 696 2094 Ο,
711 2015 756 2093 Π,
778 2007 835 2074 καὶ
857 2005 1046 2094 ἐπεζεύχθω
1066 2007 1087 2096 ἡ
1105 2013 1167 2076 ΠΟ

151 2119 208 2185 καὶ
245 2121 460 2207 ἐκβεβλήσθω
499 2121 552 2209 ἐφ’
582 2124 733 2211 ἑκάτερα·
771 2135 985 2207 συμπεσεῖται
1024 2123 1068 2210 δὴ
1101 2137 1167 2203 ταῖς

151 2248 276 2320 τομαῖς.
336 2240 545 2325 συμπιπτέτω
578 2236 620 2323 δὴ
652 2237 736 2304 κατὰ
767 2235 807 2304 τὰ
841 2243 885 2323 Θ,
908 2244 942 2304 P.
1002 2242 1097 2306 ἔσται
1128 2236 1166 2323 δὴ

153 2348 329 2437 διάμετρος
350 2355 420 2419 τῶν
443 2362 555 2438 τομῶν
578 2350 599 2437 ἡ
620 2358 689 2438 ΘΡ,
712 2354 917 2439 τεταγμένως
940 2352 978 2420 δὲ
996 2351 1049 2420 ἐπ’
1066 2351 1167 2439 αὐτὴν

101 2481 135 2530 20
153 2467 356 2550 κατηγμέναι
385 2470 422 2533 αλ
443 2474 519 2552 ΑΒ,
538 2472 608 2534 ΓΛ.
654 2468 750 2553 ἤχθω
779 2465 821 2553 θη
849 2465 915 2535 ἀπὸ
943 2470 1004 2536 τοῦ
1028 2448 1167 2555 Επαρᾶ

154 2578 213 2661 τὰς
235 2577 390 2667 ΑΒ,ΤΔ
414 2580 435 2668 η
458 2588 623 2648 ΕΝΜΗ·
647 2595 739 2669 τεμεῖ
760 2581 826 2670 ἄρα
849 2579 870 2669 ἡ
893 2587 1013 2650 EMH
1030 2582 1094 2669 τὴν
1114 2589 1172 2651 &P

152 2696 208 2764 καὶ
228 2697 386 2785 ἑκατέραν
404 2701 472 2765 τῶν
486 2701 659 2785 γραμμῶν,
683 2698 769 2765 διότι
787 2699 882 2787 ἑτέρα
901 2699 1093 2784 σύμπτωσις
1112 2696 1170 2768 οὐκ

153 2816 222 2879 ἔστι
250 2811 339 2900 παρὰ
366 2814 425 2892 τὰς
451 2822 497 2898 Α,
516 2819 562 2898 Β,
581 2817 619 2898 Γ,
639 2820 681 2879 Δ.
732 2818 822 2880 ἔσται
850 2812 892 2900 δὴ
921 2811 977 2911 διὰ
1003 2815 1110 2881 ταῦτα
1136 2814 1171 2881 ἐν

154 2924 216 3010 μέν
240 2937 279 3016 τῇ
304 2928 399 3017 ἑτέρᾳ
420 2930 504 3015 τομῇ
528 2927 548 3013 ἡ
568 2934 654 2995 ΝΜ
668 2935 722 3014 λ’ση
741 2932 782 3018 τῇ
801 2936 881 3015 ΕΝ,
905 2931 942 2998 ἐν
961 2928 999 2996 δέ
1016 2933 1058 3018 τῇ
1078 2929 1171 3018 ἑτέρᾳ

100 3037 175 3126 2σὴ
200 3048 272 3108 ΝΕ
296 3046 336 3131 τῇ
359 3048 438 3109 ΝΗ
462 3049 532 3128 ἴση·
565 3039 648 3110 ὥστε
675 3042 731 3109 καὶ
759 3038 780 3128 ἡ
804 3049 888 3109 ΝΜ
911 3046 951 3130 τῇ
974 3049 1056 3110 ΝΗ
1083 3045 1171 3112 ἐστιν

154 3162 224 3241 ἴση·
249 3154 329 3243 ὅπερ
354 3154 531 3224 ἀδύνατον.

226 3418 250 3466 2.
271 3415 338 3484 ΔΛ]
359 3432 386 3483 p,
405 3418 464 3468 ΔΓ
479 3414 512 3468 V.
607 3419 649 3471 15.
669 3413 851 3486 περιφέρεια]
870 3432 920 3484 pv,
939 3416 1121 3484 περιφερείαι
1140 3414 1172 3470 V.

192 3486 233 3535 16.
255 3484 316 3554 ΓΔ]
338 3502 410 3554 cpv,
432 3489 554 3541 seuam
574 3483 608 3538 V.
682 3491 724 3540 23.
745 3486 921 3556 A]A‚Ep.
