2444 3892
118 126 183 191 ‘292
399 124 662 178 COMMENTARIA
679 125 848 189 κουροι.

176 266 285 335 Ἔστω
309 263 490 352 ὑπερβολή,
513 256 553 350 ής
576 263 790 351 ἀσύμπτωτοι
813 269 850 332 αλ
872 272 953 351 ΑΒ,
976 271 1056 350 ΒΓ,
1083 265 1133 332 καὶ

121 373 338 459 ἐκβεβλήσθω
363 369 413 440 ἐπ’
436 369 571 452 εὐθείας
589 369 609 458 ή
629 379 744 458 ΒΕΔ,
767 372 823 439 καὶ
842 370 939 459 ήχθω
958 398 1010 451 τις
1028 369 1049 458 ή
1069 379 1137 456 ΕΖ,

121 478 166 560 ὡς
193 484 324 565 ἔτυχεν,
353 479 521 565 τέμνουσα
543 477 603 558 τδις
626 485 708 564 ΔΒ,
733 486 808 546 ΒΑ.
853 478 955 563 λέγω,
985 475 1038 545 ὅτι
1062 498 1136 564 συμ-

120 599 267 652 πεσεῖται
290 589 330 674 τῇ
354 589 448 673 τομή.

86 710 103 758 5
192 696 222 758 εἰ
243 693 308 777 γὰρ
328 690 489 776 δυνατόν,
513 690 557 778 μή
578 692 799 776 συμπιπτέτω,
822 691 878 757 καὶ
898 689 956 757 διὰ
974 696 1038 758 τοῦ
1057 699 1086 758 Β
1103 695 1138 780 τή

122 807 185 866 ΕΖ
214 797 426 883 παράλληλος
449 797 545 884 ήχθω
569 794 589 882 ή
614 804 691 864 ΒΗ.
736 795 757 880 ή
781 804 853 864 ΒΗ
874 797 940 882 ἄρα
964 796 1138 885 διάμετρός

125 908 194 972 ἐστι
217 908 275 989 τής
298 907 409 989 τομής.
452 904 508 970 καλ
531 903 800 990 παραβεβλήσθω
824 900 913 988 παρὰ
932 904 997 988 τήν
1016 911 1079 971 ΕΖ
1097 908 1138 994 τῷ

124 1009 189 1077 σἰπδ
222 1017 295 1077 ΒΗ
323 1017 399 1077 λ’σον
432 1008 782 1096 παραλληλόγραμμον
814 1007 1029 1095 ὑπερβάλλον
1062 1015 1140 1078 εἴδει

124 1116 319 1207 τετραγώνῳ
348 1115 403 1182 καὶ
430 1122 564 1184 ποιείτω
592 1114 629 1183 τὸ
655 1113 721 1183 ὑπὸ
744 1122 857 1200 ΒΘΖ,
880 1115 936 1182 καὶ
955 1119 1139 1205 ἐπεζεύχθω

75 1220 148 1309 1οή
186 1230 249 1290 ΘΒ
286 1223 342 1289 καὶ
379 1222 608 1308 ἐκβεβλήσθω·
645 1236 861 1307 συμπεσεῖται
898 1219 939 1308 δή
977 1227 1019 1312 τῇ
1049 1235 1140 1313 τομῇ.

126 1331 336 1415 συμπιπτέτω
356 1327 438 1395 κατὰ
457 1328 494 1396 τὸ
516 1336 558 1414 K,
581 1329 637 1395 καὶ
662 1326 718 1395 διὰ
742 1331 803 1396 τοῦ
822 1335 857 1395 K
873 1339 912 1417 τῇ
933 1336 1008 1396 ΒΗ
1021 1331 1141 1414 παράλ·

126 1442 226 1521 λήλος
253 1433 349 1521 ήχθω
377 1433 397 1520 ή
422 1442 539 1501 ΚΑΛ.
585 1434 623 1503 τὸ
651 1433 718 1519 ἄρα
745 1431 811 1502 ὑπὸ
836 1442 944 1502 ΔΚΑ
973 1444 1051 1504 ἴσον
1076 1437 1140 1503 ἐστὶ

128 1545 173 1630 τῷ
203 1538 267 1609 ιἰπδ
292 1549 372 1608 ΒΗ·
402 1539 486 1608 ὥστε
513 1541 568 1606 καὶ
596 1545 642 1630 τῷ
667 1539 733 1608 ὑπὸ
757 1547 868 1608 ΕΘΖ·
897 1539 979 1629 ὅπερ
1005 1540 1141 1628 ἄτοπον,

128 1650 260 1731 ἐπείπερ
284 1644 304 1732 ή
328 1656 400 1713 ΑΛ
427 1647 639 1732 παράλληλός
666 1649 736 1715 ἐστι
758 1651 798 1736 τῇ
823 1653 896 1716 ΕΘ.
942 1645 962 1733 ή
988 1655 1052 1715 ΕΖ
1081 1648 1142 1734 ἄρα

76 1772 109 1822 15
129 1766 342 1838 συμπεσεῖται
365 1755 404 1840 τή
428 1756 521 1841 τομή.

192 1856 343 1946 φανερὸν
365 1857 417 1946 δή,
437 1857 489 1927 ὅτι
498 1861 557 1947 καὶ
571 1858 650 1927 καθ’
673 1863 710 1928 ἓν
725 1858 833 1946 μόνον
848 1873 1001 1947 σημεῖον·
1021 1861 1141 1949 παράλ-

127 1975 226 2053 ληλος
249 1966 313 2053 γάρ
338 1968 406 2035 ἐστι
425 1972 464 2057 τή
489 1976 562 2035 ΒΗ
581 1968 755 2055 διαμέτρῳ.

527 2202 596 2275 Εἰς
619 2200 661 2264 τὸ
687 2197 747 2281 ιβ’.

196 2318 338 2408 Ηδρέθή
369 2327 405 2388 ἐν
432 2341 520 2388 τισιν
549 2318 769 2408 ἀντιγράφοις
796 2325 894 2390 τοῦτο
922 2322 960 2389 τὸ
985 2322 1146 2411 θεώρημα

78 2446 112 2495 20
133 2428 354 2513 δεικνύμενον
374 2425 430 2493 διὰ
445 2426 508 2493 δύο
522 2427 744 2512 παραλλήλων
761 2426 935 2514 ἀγομένων
949 2432 988 2516 τῇ
1005 2431 1146 2514 ἐφαπτο·

131 2536 223 2622 μένῃ,
247 2537 323 2619 μιᾶς
346 2533 407 2619 μὲν
432 2532 488 2598 διὰ
513 2536 575 2598 τοῦ
595 2541 638 2617 Δ,
662 2534 775 2618 ἑτέρας
799 2534 836 2601 δέ
860 2536 915 2601 διὰ
940 2538 1001 2602 τοῦ
1020 2543 1069 2601 Η·
1093 2536 1147 2603 καὶ

131 2639 151 2724 ή
172 2638 340 2719 ἀπόδειξις
359 2639 415 2704 διὰ
436 2638 627 2717 συνθέσεως
645 2637 758 2724 λόγων
778 2643 958 2708 ἐδείκνυτο.
996 2641 1147 2722 ἐπελεξά-

208 2908 230 2953 1.
250 2896 392 2968 ὑπερβολή
415 2933 445 2941 -
466 2903 534 2973 ΒΓ]
555 2919 609 2958 om.
629 2904 690 2973 Wp
709 2921 813 2973 magna
832 2906 933 2960 lacuna
951 2905 1064 2972 relicta3
1087 2926 1150 2977 sup-

133 2969 224 3037 pleuit
243 2969 349 3047 Comm.
415 2978 439 3026 3.
460 2971 540 3042 ἔτυχε
560 2994 587 3044 p.
658 2982 681 3029 7.
702 2971 777 3029 ἐστιν
796 2976 841 3030 W.
915 2982 939 3031 8.
959 2973 1150 3056 ὑπερβάλλον]

136 3058 205 3092 corr.
225 3056 259 3092 ex
282 3038 466 3112 υπερβολλλων
486 3063 521 3097 m.
543 3052 557 3098 1
579 3045 623 3099 W.
716 3053 756 3100 12.
782 3042 857 3099 ἐστίν
875 3049 920 3102 W.
1012 3054 1054 3102 13.
1076 3053 1151 3121 BH]

137 3112 290 3189 Aflth,
316 3128 385 3164 corr.
406 3113 510 3169 Comm.
604 3123 645 3170 14.
669 3114 845 3184 παράλληλός
864 3112 921 3172 ἐστι
940 3120 972 3189 τῇ
994 3120 1061 3190 ΕΘ]
1088 3139 1153 3190 sup-

136 3183 223 3260 plem,
244 3181 374 3234 lacunam
395 3203 525 3254 magnam
544 3188 608 3240 hab.
624 3190 697 3256 Wp;
718 3192 801 3256 „post
818 3188 889 3242 haec
903 3191 990 3243 uerba
1006 3189 1036 3242 in
1050 3208 1154 3260 graeco

138 3253 235 3333 cofhee
254 3254 390 3331 nonana
409 3257 616 3325 desiderantur,
637 3261 733 3327 qualia
750 3257 870 3313 fortasse
889 3259 960 3313 haec
980 3263 1056 3314 sunt:
1077 3262 1155 3317 linea

138 3342 210 3378 emm
230 3324 270 3377 ἀλ
293 3340 384 3403 ωμιοι·
404 3330 446 3378 εει
465 3345 549 3395 quam
568 3331 604 3384 eh
628 3339 657 3384 et
679 3332 720 3384 λια
744 3329 833 3383 maior
853 3348 936 3398 quam
960 3332 1019 3398 W
1044 3333 1152 3390 Comm.

137 3396 252 3450 1¹0anv
271 3395 381 3449 onussis
400 3398 494 3452 uerbis
515 3399 630 3466 ἐπείπερ
649 3397 666 3468 ἡ
686 3407 748 3455 ΑΔ.
821 3398 913 3466 ήΕΖ
932 3397 988 3469 ἄρα
1023 3405 1154 3473 suppleui

137 3469 289 3537 praeeunte
305 3463 420 3534 Comm„
441 3486 494 3525 om.
507 3473 565 3539 Wp
580 3473 608 3526 in
623 3472 675 3528 lae.
743 3477 783 3524 15.
803 3480 987 3541 συμπεσεῖται
1021 3484 1153 3530 πεσεῖται
