<?xml version="1.0" encoding="UTF-8"?>
<!DOCTYPE html PUBLIC "-//W3C//DTD XHTML 1.0 Transitional//EN"
    "http://www.w3.org/TR/xhtml1/DTD/xhtml1-transitional.dtd">
<html xmlns="http://www.w3.org/1999/xhtml" xml:lang="en" lang="en">
 <head>
  <title>
</title>
<meta http-equiv="Content-Type" content="text/html;charset=utf-8" />
  <meta name='ocr-system' content='tesseract 3.04.00' />
  <meta name='ocr-capabilities' content='ocr_page ocr_carea ocr_par ocr_line ocrx_word'/>
</head>
<body>
  <div class='ocr_page' id='page_1' title='image "./apolloniipergae01apolgoog_0298.png"; bbox 0 0 2444 3892; ppageno 0'>
   <div class='ocr_carea' id='block_1_1' title="bbox 122 153 850 217">
    <p class='ocr_par' dir='ltr' id='par_1_1' title="bbox 122 153 850 217">
     <span class='ocr_line' id='line_1_1' title="bbox 122 153 850 217; baseline 0.001 -12"><span class='ocrx_word' id='word_1_1' title='bbox 122 153 188 217; x_wconf 80' lang='lat'><em>212</em></span> <span class='ocrx_word' id='word_1_2' title='bbox 402 153 665 206; x_wconf 72' lang='grc' dir='ltr'><em>οουυιιυοιιπι</em></span> <span class='ocrx_word' id='word_1_3' title='bbox 682 153 850 217; x_wconf 63' lang='lat' dir='ltr'><em>mmm</em></span> 
     </span>
    </p>
   </div>
   <div class='ocr_carea' id='block_1_2' title="bbox 75 289 1153 1545">
    <p class='ocr_par' dir='ltr' id='par_1_2' title="bbox 122 289 1153 698">
     <span class='ocr_line' id='line_1_2' title="bbox 123 289 1150 382; baseline 0.001 -20"><span class='ocrx_word' id='word_1_4' title='bbox 123 293 184 381; x_wconf 87' lang='grc' dir='ltr'><em>ὅλη</em></span> <span class='ocrx_word' id='word_1_5' title='bbox 217 293 238 382; x_wconf 81' lang='grc' dir='ltr'><em>ἡ</em></span> <span class='ocrx_word' id='word_1_6' title='bbox 267 301 342 362; x_wconf 85' lang='grc' dir='ltr'><em>ΗΚ</em></span> <span class='ocrx_word' id='word_1_7' title='bbox 360 297 400 382; x_wconf 78' lang='grc' dir='ltr'><em>τῇ</em></span> <span class='ocrx_word' id='word_1_8' title='bbox 428 296 503 370; x_wconf 75' lang='grc' dir='ltr'><em>ΞΠ.</em></span> <span class='ocrx_word' id='word_1_9' title='bbox 554 293 609 360; x_wconf 81' lang='grc' dir='ltr'><em>καὶ</em></span> <span class='ocrx_word' id='word_1_10' title='bbox 637 291 805 380; x_wconf 87' lang='grc' dir='ltr'><em>φανερόν,</em></span> <span class='ocrx_word' id='word_1_11' title='bbox 836 290 903 375; x_wconf 83' lang='grc' dir='ltr'><em>ὅτι,</em></span> <span class='ocrx_word' id='word_1_12' title='bbox 930 289 993 360; x_wconf 79' lang='grc' dir='ltr'><em>ἐὰν</em></span> <span class='ocrx_word' id='word_1_13' title='bbox 1021 293 1150 380; x_wconf 77' lang='grc' dir='ltr'><em>μεταξὺ</em></span> 
     </span>
     <span class='ocr_line' id='line_1_3' title="bbox 122 397 1153 488; baseline 0 -22"><span class='ocrx_word' id='word_1_14' title='bbox 122 403 190 468; x_wconf 78' lang='grc' dir='ltr'><em>τῶν</em></span> <span class='ocrx_word' id='word_1_15' title='bbox 214 406 259 483; x_wconf 89' lang='grc' dir='ltr'><em>Ν,</em></span> <span class='ocrx_word' id='word_1_16' title='bbox 282 402 450 488; x_wconf 73' lang='grc' dir='ltr'><em>Ξληφθη</em></span> <span class='ocrx_word' id='word_1_17' title='bbox 474 426 507 468; x_wconf 93' lang='grc' dir='ltr'><em>τι</em></span> <span class='ocrx_word' id='word_1_18' title='bbox 530 412 670 485; x_wconf 83' lang='grc' dir='ltr'><em>σημείου</em></span> <span class='ocrx_word' id='word_1_19' title='bbox 693 397 739 479; x_wconf 83' lang='grc' dir='ltr'><em>ὡς</em></span> <span class='ocrx_word' id='word_1_20' title='bbox 761 402 798 465; x_wconf 86' lang='grc' dir='ltr'><em>τὸ</em></span> <span class='ocrx_word' id='word_1_21' title='bbox 817 406 852 484; x_wconf 88' lang='grc' dir='ltr'><em>Ρ,</em></span> <span class='ocrx_word' id='word_1_22' title='bbox 875 399 930 467; x_wconf 84' lang='grc' dir='ltr'><em>καὶ</em></span> <span class='ocrx_word' id='word_1_23' title='bbox 955 397 1013 467; x_wconf 76' lang='grc' dir='ltr'><em>διά</em></span> <span class='ocrx_word' id='word_1_24' title='bbox 1038 405 1105 469; x_wconf 85' lang='grc' dir='ltr'><em>τοῦ</em></span> <span class='ocrx_word' id='word_1_25' title='bbox 1124 407 1153 466; x_wconf 93' lang='grc' dir='ltr'><strong><em>Ρ</em></strong></span> 
     </span>
     <span class='ocr_line' id='line_1_4' title="bbox 122 502 1151 594; baseline 0.003 -23"><span class='ocrx_word' id='word_1_26' title='bbox 122 509 163 592; x_wconf 76' lang='grc' dir='ltr'><em>τῇ</em></span> <span class='ocrx_word' id='word_1_27' title='bbox 183 510 257 571; x_wconf 89' lang='lat' dir='ltr'><em>NK</em></span> <span class='ocrx_word' id='word_1_28' title='bbox 275 504 485 592; x_wconf 84' lang='grc' dir='ltr'><em>παράλληλος</em></span> <span class='ocrx_word' id='word_1_29' title='bbox 503 503 594 594; x_wconf 73' lang='grc' dir='ltr'><em>ἄχθη</em></span> <span class='ocrx_word' id='word_1_30' title='bbox 613 502 634 591; x_wconf 78' lang='grc' dir='ltr'><em>ἡ</em></span> <span class='ocrx_word' id='word_1_31' title='bbox 653 511 727 591; x_wconf 89' lang='grc' dir='ltr'><em>ΡΣ,</em></span> <span class='ocrx_word' id='word_1_32' title='bbox 746 510 865 591; x_wconf 77' lang='grc' dir='ltr'><em>μείζων</em></span> <span class='ocrx_word' id='word_1_33' title='bbox 885 509 976 572; x_wconf 81' lang='grc' dir='ltr'><em>ἔσται</em></span> <span class='ocrx_word' id='word_1_34' title='bbox 993 509 1059 591; x_wconf 80' lang='grc' dir='ltr'><em>τῆς</em></span> <span class='ocrx_word' id='word_1_35' title='bbox 1077 508 1151 582; x_wconf 75' lang='grc' dir='ltr'><em>ΞΠ</em></span> 
     </span>
     <span class='ocr_line' id='line_1_5' title="bbox 125 607 1150 698; baseline 0.001 -21"><span class='ocrx_word' id='word_1_36' title='bbox 125 610 182 677; x_wconf 83' lang='grc' dir='ltr'><em>καὶ</em></span> <span class='ocrx_word' id='word_1_37' title='bbox 206 615 262 678; x_wconf 75' lang='grc' dir='ltr'><em>δια</em></span> <span class='ocrx_word' id='word_1_38' title='bbox 286 614 386 678; x_wconf 86' lang='grc' dir='ltr'><em>τοῦτο</em></span> <span class='ocrx_word' id='word_1_39' title='bbox 409 611 464 678; x_wconf 81' lang='grc' dir='ltr'><em>καλ</em></span> <span class='ocrx_word' id='word_1_40' title='bbox 487 615 545 696; x_wconf 79' lang='grc' dir='ltr'><em>τῆς</em></span> <span class='ocrx_word' id='word_1_41' title='bbox 567 617 650 696; x_wconf 87' lang='lat' dir='ltr'><em>HK,</em></span> <span class='ocrx_word' id='word_1_42' title='bbox 670 608 731 677; x_wconf 79' lang='grc' dir='ltr'><em>ἐὰν</em></span> <span class='ocrx_word' id='word_1_43' title='bbox 755 609 792 678; x_wconf 72' lang='grc' dir='ltr'><em>δὲ</em></span> <span class='ocrx_word' id='word_1_44' title='bbox 815 607 936 698; x_wconf 79' lang='grc' dir='ltr'><em>μεταξὺ</em></span> <span class='ocrx_word' id='word_1_45' title='bbox 958 621 1030 680; x_wconf 79' lang='grc' dir='ltr'><em>τῶν</em></span> <span class='ocrx_word' id='word_1_46' title='bbox 1052 619 1100 698; x_wconf 89' lang='grc' dir='ltr'><em>Η,</em></span> <span class='ocrx_word' id='word_1_47' title='bbox 1120 615 1150 689; x_wconf 75' lang='grc' dir='ltr'><strong><em>Ξ</em></strong></span> 
     </span>
    </p>

    <p class='ocr_par' dir='ltr' id='par_1_3' title="bbox 91 711 1146 1230">
     <span class='ocr_line' id='line_1_6' title="bbox 91 711 1146 806; baseline 0.005 -24"><span class='ocrx_word' id='word_1_48' title='bbox 91 719 243 804; x_wconf 74' lang='grc' dir='ltr'><em>οληφλλῇ</em></span> <span class='ocrx_word' id='word_1_49' title='bbox 266 743 298 783; x_wconf 90' lang='grc' dir='ltr'><em>τι</em></span> <span class='ocrx_word' id='word_1_50' title='bbox 322 730 462 803; x_wconf 75' lang='grc' dir='ltr'><em>σημεῖον</em></span> <span class='ocrx_word' id='word_1_51' title='bbox 486 711 560 785; x_wconf 81' lang='grc' dir='ltr'><em>οἷον</em></span> <span class='ocrx_word' id='word_1_52' title='bbox 583 714 621 784; x_wconf 87' lang='grc' dir='ltr'><em>τὸ</em></span> <span class='ocrx_word' id='word_1_53' title='bbox 646 722 682 803; x_wconf 84' lang='grc' dir='ltr'><em>Τ,</em></span> <span class='ocrx_word' id='word_1_54' title='bbox 705 715 761 783; x_wconf 85' lang='grc' dir='ltr'><em>καὶ</em></span> <span class='ocrx_word' id='word_1_55' title='bbox 783 713 828 783; x_wconf 75' lang='grc' dir='ltr'><em>δι’</em></span> <span class='ocrx_word' id='word_1_56' title='bbox 849 713 955 785; x_wconf 81' lang='grc' dir='ltr'><em>αὐτοῦ</em></span> <span class='ocrx_word' id='word_1_57' title='bbox 973 718 1146 806; x_wconf 89' lang='grc' dir='ltr'><em>παράλλη-</em></span> 
     </span>
     <span class='ocr_line' id='line_1_7' title="bbox 125 818 1144 911; baseline 0.003 -22"><span class='ocrx_word' id='word_1_58' title='bbox 125 830 182 903; x_wconf 85' lang='grc' dir='ltr'><em>λος</em></span> <span class='ocrx_word' id='word_1_59' title='bbox 205 819 295 911; x_wconf 75' lang='grc' dir='ltr'><em>άχθῇ</em></span> <span class='ocrx_word' id='word_1_60' title='bbox 321 818 342 908; x_wconf 81' lang='grc' dir='ltr'><em>ἡ</em></span> <span class='ocrx_word' id='word_1_61' title='bbox 367 828 441 907; x_wconf 70' lang='grc' dir='ltr'><em>ΤΥ,</em></span> <span class='ocrx_word' id='word_1_62' title='bbox 465 821 611 890; x_wconf 78' lang='grc' dir='ltr'><em>ἐλάττων</em></span> <span class='ocrx_word' id='word_1_63' title='bbox 636 827 726 890; x_wconf 81' lang='grc' dir='ltr'><em>ἔσται</em></span> <span class='ocrx_word' id='word_1_64' title='bbox 744 827 803 908; x_wconf 79' lang='grc' dir='ltr'><em>τῆς</em></span> <span class='ocrx_word' id='word_1_65' title='bbox 820 824 890 899; x_wconf 70' lang='grc' dir='ltr'><em>ΞΠ</em></span> <span class='ocrx_word' id='word_1_66' title='bbox 908 824 1044 909; x_wconf 77' lang='grc' dir='ltr'><em>καὶτῆς</em></span> <span class='ocrx_word' id='word_1_67' title='bbox 1064 831 1144 892; x_wconf 89' lang='lat' dir='ltr'><em>KH.</em></span> 
     </span>
     <span class='ocr_line' id='line_1_8' title="bbox 125 924 1144 1017; baseline 0.004 -22"><span class='ocrx_word' id='word_1_68' title='bbox 125 931 180 997; x_wconf 82' lang='grc' dir='ltr'><em>καλ</em></span> <span class='ocrx_word' id='word_1_69' title='bbox 213 928 283 997; x_wconf 80' lang='grc' dir='ltr'><em>ἐπεὶ</em></span> <span class='ocrx_word' id='word_1_70' title='bbox 314 925 335 1014; x_wconf 81' lang='grc' dir='ltr'><em>ἡ</em></span> <span class='ocrx_word' id='word_1_71' title='bbox 369 924 434 996; x_wconf 83' lang='grc' dir='ltr'><em>ὑπὸ</em></span> <span class='ocrx_word' id='word_1_72' title='bbox 462 931 531 1004; x_wconf 72' lang='grc' dir='ltr'><em>ΞΠ</em></span> <span class='ocrx_word' id='word_1_73' title='bbox 536 933 571 994; x_wconf 92' lang='lat' dir='ltr'><strong><em>K</em></strong></span> <span class='ocrx_word' id='word_1_74' title='bbox 601 934 706 1015; x_wconf 81' lang='grc' dir='ltr'><strong><em>γωνία</em></strong></span> <span class='ocrx_word' id='word_1_75' title='bbox 738 935 857 1016; x_wconf 81' lang='grc' dir='ltr'><em>μείζων</em></span> <span class='ocrx_word' id='word_1_76' title='bbox 890 928 958 997; x_wconf 82' lang='grc' dir='ltr'><em>ἐστὶ</em></span> <span class='ocrx_word' id='word_1_77' title='bbox 991 933 1051 1017; x_wconf 82' lang='grc' dir='ltr'><em>τῆς</em></span> <span class='ocrx_word' id='word_1_78' title='bbox 1081 929 1144 999; x_wconf 79' lang='grc' dir='ltr'><em>ὑπὸ</em></span> 
     </span>
     <span class='ocr_line' id='line_1_9' title="bbox 125 1031 1141 1124; baseline 0.004 -22"><span class='ocrx_word' id='word_1_79' title='bbox 125 1039 243 1121; x_wconf 77' lang='grc' dir='ltr'><em>ΑΞΠ,</em></span> <span class='ocrx_word' id='word_1_80' title='bbox 277 1042 332 1120; x_wconf 82' lang='grc' dir='ltr'><em>ίση</em></span> <span class='ocrx_word' id='word_1_81' title='bbox 366 1033 403 1102; x_wconf 68' lang='grc' dir='ltr'><em>δὲ</em></span> <span class='ocrx_word' id='word_1_82' title='bbox 430 1031 451 1120; x_wconf 82' lang='grc' dir='ltr'><em>ἡ</em></span> <span class='ocrx_word' id='word_1_83' title='bbox 481 1031 546 1101; x_wconf 86' lang='grc' dir='ltr'><em>ὑπὸ</em></span> <span class='ocrx_word' id='word_1_84' title='bbox 577 1041 683 1102; x_wconf 85' lang='grc' dir='ltr'><em>ΟΠΚ</em></span> <span class='ocrx_word' id='word_1_85' title='bbox 712 1037 752 1124; x_wconf 76' lang='grc' dir='ltr'><em>τῇ</em></span> <span class='ocrx_word' id='word_1_86' title='bbox 780 1031 846 1103; x_wconf 82' lang='grc' dir='ltr'><em>ὑπὸ</em></span> <span class='ocrx_word' id='word_1_87' title='bbox 875 1039 987 1121; x_wconf 72' lang='grc' dir='ltr'><em>ΟΗΞ,</em></span> <span class='ocrx_word' id='word_1_88' title='bbox 1021 1043 1141 1123; x_wconf 81' lang='grc' dir='ltr'><em>μείζων</em></span> 
     </span>
     <span class='ocr_line' id='line_1_10' title="bbox 127 1137 1141 1230; baseline 0.002 -21"><span class='ocrx_word' id='word_1_89' title='bbox 127 1139 192 1227; x_wconf 88' lang='grc' dir='ltr'><em>άρα</em></span> <span class='ocrx_word' id='word_1_90' title='bbox 215 1141 270 1208; x_wconf 81' lang='grc' dir='ltr'><em>καλ</em></span> <span class='ocrx_word' id='word_1_91' title='bbox 294 1140 314 1226; x_wconf 83' lang='grc' dir='ltr'><em>ἡ</em></span> <span class='ocrx_word' id='word_1_92' title='bbox 338 1137 404 1207; x_wconf 85' lang='grc' dir='ltr'><em>ὑπὸ</em></span> <span class='ocrx_word' id='word_1_93' title='bbox 429 1142 532 1216; x_wconf 78' lang='grc' dir='ltr'><em>ΟΗΞ</em></span> <span class='ocrx_word' id='word_1_94' title='bbox 551 1143 610 1225; x_wconf 79' lang='grc' dir='ltr'><em>τῆς</em></span> <span class='ocrx_word' id='word_1_95' title='bbox 632 1137 698 1208; x_wconf 80' lang='grc' dir='ltr'><em>ὑπὸ</em></span> <span class='ocrx_word' id='word_1_96' title='bbox 719 1145 827 1218; x_wconf 69' lang='lat' dir='ltr'><em>Htw.</em></span> <span class='ocrx_word' id='word_1_97' title='bbox 863 1137 884 1228; x_wconf 79' lang='grc' dir='ltr'><em>ἡ</em></span> <span class='ocrx_word' id='word_1_98' title='bbox 909 1145 972 1218; x_wconf 75' lang='grc' dir='ltr'><em>ΞΟ</em></span> <span class='ocrx_word' id='word_1_99' title='bbox 994 1140 1062 1228; x_wconf 78' lang='grc' dir='ltr'><em>ἄρα</em></span> <span class='ocrx_word' id='word_1_100' title='bbox 1085 1147 1141 1230; x_wconf 79' lang='grc' dir='ltr'><em>τῆς</em></span> 
     </span>
    </p>

    <p class='ocr_par' dir='ltr' id='par_1_4' title="bbox 75 1244 1142 1545">
     <span class='ocr_line' id='line_1_11' title="bbox 75 1244 1142 1334; baseline 0.006 -24"><span class='ocrx_word' id='word_1_101' title='bbox 75 1253 201 1314; x_wconf 86' lang='grc' dir='ltr'><em>10οΗ</em></span> <span class='ocrx_word' id='word_1_102' title='bbox 222 1251 341 1334; x_wconf 78' lang='grc' dir='ltr'><em>μείζων</em></span> <span class='ocrx_word' id='word_1_103' title='bbox 368 1246 423 1313; x_wconf 80' lang='grc' dir='ltr'><em>καὶ</em></span> <span class='ocrx_word' id='word_1_104' title='bbox 452 1245 508 1314; x_wconf 73' lang='grc' dir='ltr'><em>διὰ</em></span> <span class='ocrx_word' id='word_1_105' title='bbox 535 1249 633 1314; x_wconf 83' lang='grc' dir='ltr'><em>τοῦτο</em></span> <span class='ocrx_word' id='word_1_106' title='bbox 661 1247 717 1314; x_wconf 81' lang='grc' dir='ltr'><em>καλ</em></span> <span class='ocrx_word' id='word_1_107' title='bbox 740 1244 761 1334; x_wconf 82' lang='grc' dir='ltr'><em>ἡ</em></span> <span class='ocrx_word' id='word_1_108' title='bbox 788 1253 854 1315; x_wconf 87' lang='grc' dir='ltr'><em>ΚΟ</em></span> <span class='ocrx_word' id='word_1_109' title='bbox 876 1257 934 1333; x_wconf 81' lang='grc' dir='ltr'><em>τῆς</em></span> <span class='ocrx_word' id='word_1_110' title='bbox 958 1254 1035 1316; x_wconf 92' lang='grc' dir='ltr'><em>ΟΠ.</em></span> <span class='ocrx_word' id='word_1_111' title='bbox 1084 1252 1142 1318; x_wconf 82' lang='grc' dir='ltr'><em>ἐὰν</em></span> 
     </span>
     <span class='ocr_line' id='line_1_12' title="bbox 128 1350 1142 1442; baseline 0.004 -23"><span class='ocrx_word' id='word_1_112' title='bbox 128 1352 168 1420; x_wconf 76' lang='grc' dir='ltr'><em>δέ</em></span> <span class='ocrx_word' id='word_1_113' title='bbox 191 1376 271 1421; x_wconf 89' lang='grc' dir='ltr'><em>ποτε</em></span> <span class='ocrx_word' id='word_1_114' title='bbox 298 1350 319 1440; x_wconf 81' lang='grc' dir='ltr'><em>ἡ</em></span> <span class='ocrx_word' id='word_1_115' title='bbox 348 1353 443 1438; x_wconf 82' lang='grc' dir='ltr'><em>ἑτέρα</em></span> <span class='ocrx_word' id='word_1_116' title='bbox 472 1350 586 1421; x_wconf 77' lang='grc' dir='ltr'><em>αὐτῶν</em></span> <span class='ocrx_word' id='word_1_117' title='bbox 615 1357 691 1441; x_wconf 77' lang='grc' dir='ltr'><em>δίχα</em></span> <span class='ocrx_word' id='word_1_118' title='bbox 719 1357 891 1442; x_wconf 74' lang='grc' dir='ltr'><em>διαιρεθῇ,</em></span> <span class='ocrx_word' id='word_1_119' title='bbox 919 1351 940 1439; x_wconf 77' lang='grc' dir='ltr'><em>ἡ</em></span> <span class='ocrx_word' id='word_1_120' title='bbox 968 1359 1070 1441; x_wconf 79' lang='grc' dir='ltr'><em>λοιπὴ</em></span> <span class='ocrx_word' id='word_1_121' title='bbox 1099 1359 1142 1434; x_wconf 81' lang='grc' dir='ltr'><em>είς</em></span> 
     </span>
     <span class='ocr_line' id='line_1_13' title="bbox 127 1456 804 1545; baseline 0.003 -20"><span class='ocrx_word' id='word_1_122' title='bbox 127 1456 227 1526; x_wconf 80' lang='grc' dir='ltr'><em>ἄνισα</em></span> <span class='ocrx_word' id='word_1_123' title='bbox 250 1459 463 1545; x_wconf 74' lang='grc' dir='ltr'><strong><em>τμηθήσεται.</em></strong></span> <span class='ocrx_word' id='word_1_124' title='bbox 801 1458 804 1464; x_wconf 72' lang='grc'><strong>’</strong></span> 
     </span>
    </p>
   </div>
   <div class='ocr_carea' id='block_1_3' title="bbox 24 1620 1147 3207">
    <p class='ocr_par' dir='ltr' id='par_1_5' title="bbox 545 1620 730 1697">
     <span class='ocr_line' id='line_1_14' title="bbox 545 1620 730 1697; baseline 0.011 -14"><span class='ocrx_word' id='word_1_125' title='bbox 545 1623 606 1697; x_wconf 87' lang='grc' dir='ltr'><em>Είς</em></span> <span class='ocrx_word' id='word_1_126' title='bbox 629 1620 666 1685; x_wconf 87' lang='grc' dir='ltr'><em>τὸ</em></span> <span class='ocrx_word' id='word_1_127' title='bbox 691 1621 730 1690; x_wconf 85' lang='grc' dir='ltr'><em>ς’.</em></span> 
     </span>
    </p>

    <p class='ocr_par' dir='ltr' id='par_1_6' title="bbox 24 1739 1146 2995">
     <span class='ocr_line' id='line_1_15' title="bbox 194 1739 1139 1830; baseline 0.003 -24"><span class='ocrx_word' id='word_1_128' title='bbox 194 1739 380 1826; x_wconf 79' lang='grc' dir='ltr'><em>Προσέχειν</em></span> <span class='ocrx_word' id='word_1_129' title='bbox 413 1740 491 1828; x_wconf 78' lang='grc' dir='ltr'><em>χρή,</em></span> <span class='ocrx_word' id='word_1_130' title='bbox 525 1739 576 1808; x_wconf 81' lang='grc' dir='ltr'><em>ὅτι</em></span> <span class='ocrx_word' id='word_1_131' title='bbox 610 1739 651 1809; x_wconf 84' lang='grc' dir='ltr'><em>οὐ</em></span> <span class='ocrx_word' id='word_1_132' title='bbox 678 1740 785 1828; x_wconf 81' lang='grc' dir='ltr'><em>μάτην</em></span> <span class='ocrx_word' id='word_1_133' title='bbox 816 1740 1008 1828; x_wconf 86' lang='grc' dir='ltr'><em>πρόσκειται</em></span> <span class='ocrx_word' id='word_1_134' title='bbox 1037 1743 1075 1809; x_wconf 81' lang='grc' dir='ltr'><em>ἐν</em></span> <span class='ocrx_word' id='word_1_135' title='bbox 1102 1744 1139 1830; x_wconf 77' lang='grc' dir='ltr'><em>τη</em></span> 
     </span>
     <span class='ocr_line' id='line_1_16' title="bbox 77 1843 1140 1933; baseline 0.005 -24"><span class='ocrx_word' id='word_1_136' title='bbox 77 1860 110 1909; x_wconf 80' lang='lat'><em>15</em></span> <span class='ocrx_word' id='word_1_137' title='bbox 132 1843 289 1933; x_wconf 79' lang='grc' dir='ltr'><em>προτάσει</em></span> <span class='ocrx_word' id='word_1_138' title='bbox 316 1843 354 1913; x_wconf 88' lang='grc' dir='ltr'><em>τὸ</em></span> <span class='ocrx_word' id='word_1_139' title='bbox 383 1849 456 1914; x_wconf 77' lang='grc' dir='ltr'><em>δεῖν</em></span> <span class='ocrx_word' id='word_1_140' title='bbox 483 1847 545 1933; x_wconf 76' lang='grc' dir='ltr'><em>τὴν</em></span> <span class='ocrx_word' id='word_1_141' title='bbox 573 1844 742 1933; x_wconf 75' lang='grc' dir='ltr'><em>ἀγομένην</em></span> <span class='ocrx_word' id='word_1_142' title='bbox 769 1845 908 1914; x_wconf 75' lang='grc' dir='ltr'><em>εὐθεῖαν</em></span> <span class='ocrx_word' id='word_1_143' title='bbox 931 1843 998 1913; x_wconf 89' lang='grc' dir='ltr'><em>άπὸ</em></span> <span class='ocrx_word' id='word_1_144' title='bbox 1020 1851 1084 1915; x_wconf 81' lang='grc' dir='ltr'><em>τοῦ</em></span> <span class='ocrx_word' id='word_1_145' title='bbox 1107 1849 1140 1914; x_wconf 82' lang='grc' dir='ltr'><em>ἐν</em></span> 
     </span>
     <span class='ocr_line' id='line_1_17' title="bbox 24 1953 1141 2043; baseline 0.002 -24"><span class='ocrx_word' id='word_1_146' title='bbox 24 2036 27 2042; x_wconf 24' lang='lat'><em>¹</em></span> <span class='ocrx_word' id='word_1_147' title='bbox 129 1955 169 2041; x_wconf 73' lang='grc' dir='ltr'><em>τῇ</em></span> <span class='ocrx_word' id='word_1_148' title='bbox 193 1954 371 2043; x_wconf 80' lang='grc' dir='ltr'><em>ἐπιφανείᾳ</em></span> <span class='ocrx_word' id='word_1_149' title='bbox 395 1960 535 2040; x_wconf 82' lang='grc' dir='ltr'><em>σημείου</em></span> <span class='ocrx_word' id='word_1_150' title='bbox 558 1953 773 2040; x_wconf 77' lang='grc' dir='ltr'><em>παράλληλον</em></span> <span class='ocrx_word' id='word_1_151' title='bbox 797 1957 856 2042; x_wconf 81' lang='grc' dir='ltr'><em>μιᾷ</em></span> <span class='ocrx_word' id='word_1_152' title='bbox 875 1978 942 2020; x_wconf 91' lang='grc' dir='ltr'><em>τινι</em></span> <span class='ocrx_word' id='word_1_153' title='bbox 959 1955 1028 2020; x_wconf 79' lang='grc' dir='ltr'><em>τῶν</em></span> <span class='ocrx_word' id='word_1_154' title='bbox 1048 1955 1087 2021; x_wconf 82' lang='grc' dir='ltr'><em>ἐν</em></span> <span class='ocrx_word' id='word_1_155' title='bbox 1105 1955 1141 2040; x_wconf 73' lang='grc' dir='ltr'><em>τη</em></span> 
     </span>
     <span class='ocr_line' id='line_1_18' title="bbox 129 2055 1142 2148; baseline -0.001 -22"><span class='ocrx_word' id='word_1_156' title='bbox 129 2057 226 2144; x_wconf 85' lang='grc' dir='ltr'><em>βάσει</em></span> <span class='ocrx_word' id='word_1_157' title='bbox 250 2055 396 2127; x_wconf 78' lang='grc' dir='ltr'><em>εὐθειῶν</em></span> <span class='ocrx_word' id='word_1_158' title='bbox 420 2062 503 2146; x_wconf 87' lang='grc' dir='ltr'><em>πρὸς</em></span> <span class='ocrx_word' id='word_1_159' title='bbox 522 2058 628 2148; x_wconf 79' lang='grc' dir='ltr'><em>ὀρθὰς</em></span> <span class='ocrx_word' id='word_1_160' title='bbox 651 2057 736 2146; x_wconf 80' lang='grc' dir='ltr'><em>οάση</em></span> <span class='ocrx_word' id='word_1_161' title='bbox 760 2058 892 2137; x_wconf 79' lang='grc' dir='ltr'><em>πάντας</em></span> <span class='ocrx_word' id='word_1_162' title='bbox 909 2067 949 2146; x_wconf 82' lang='grc' dir='ltr'><em>τῇ</em></span> <span class='ocrx_word' id='word_1_163' title='bbox 968 2057 1066 2143; x_wconf 88' lang='grc' dir='ltr'><em>βάσει</em></span> <span class='ocrx_word' id='word_1_164' title='bbox 1084 2071 1142 2127; x_wconf 87' lang='grc' dir='ltr'><em>τοῦ</em></span> 
     </span>
     <span class='ocr_line' id='line_1_19' title="bbox 130 2162 1141 2253; baseline 0 -21"><span class='ocrx_word' id='word_1_165' title='bbox 130 2167 187 2232; x_wconf 78' lang='grc' dir='ltr'><em>διὰ</em></span> <span class='ocrx_word' id='word_1_166' title='bbox 215 2169 278 2233; x_wconf 81' lang='grc' dir='ltr'><em>τοῦ</em></span> <span class='ocrx_word' id='word_1_167' title='bbox 305 2166 426 2247; x_wconf 81' lang='grc' dir='ltr'><em>άξονος</em></span> <span class='ocrx_word' id='word_1_168' title='bbox 452 2165 620 2253; x_wconf 75' lang='grc' dir='ltr'><em>τριγώνου</em></span> <span class='ocrx_word' id='word_1_169' title='bbox 645 2163 789 2251; x_wconf 81' lang='grc' dir='ltr'><em>ἄγεσθαι</em></span> <span class='ocrx_word' id='word_1_170' title='bbox 811 2162 1037 2253; x_wconf 81' lang='grc' dir='ltr'><em>παράλληλον·</em></span> <span class='ocrx_word' id='word_1_171' title='bbox 1067 2165 1141 2234; x_wconf 83' lang='grc' dir='ltr'><em>τού-</em></span> 
     </span>
     <span class='ocr_line' id='line_1_20' title="bbox 129 2269 1140 2359; baseline -0.001 -19"><span class='ocrx_word' id='word_1_172' title='bbox 129 2299 192 2340; x_wconf 89' lang='grc' dir='ltr'><em>του</em></span> <span class='ocrx_word' id='word_1_173' title='bbox 214 2271 278 2359; x_wconf 82' lang='grc' dir='ltr'><em>γάρ</em></span> <span class='ocrx_word' id='word_1_174' title='bbox 303 2272 346 2359; x_wconf 76' lang='grc' dir='ltr'><em>μὴ</em></span> <span class='ocrx_word' id='word_1_175' title='bbox 371 2272 469 2353; x_wconf 80' lang='grc' dir='ltr'><em>ὄντος</em></span> <span class='ocrx_word' id='word_1_176' title='bbox 492 2270 535 2341; x_wconf 82' lang='grc' dir='ltr'><em>οὐ</em></span> <span class='ocrx_word' id='word_1_177' title='bbox 558 2271 705 2339; x_wconf 76' lang='grc' dir='ltr'><em>δυνατόν</em></span> <span class='ocrx_word' id='word_1_178' title='bbox 729 2274 820 2338; x_wconf 80' lang='grc' dir='ltr'><em>ἐστιν</em></span> <span class='ocrx_word' id='word_1_179' title='bbox 843 2269 948 2356; x_wconf 78' lang='grc' dir='ltr'><em>αὐτὴν</em></span> <span class='ocrx_word' id='word_1_180' title='bbox 972 2274 1049 2355; x_wconf 74' lang='grc' dir='ltr'><em>δίχα</em></span> <span class='ocrx_word' id='word_1_181' title='bbox 1073 2272 1140 2356; x_wconf 80' lang='grc' dir='ltr'><em>τέμ·</em></span> 
     </span>
     <span class='ocr_line' id='line_1_21' title="bbox 76 2374 1143 2464; baseline 0.002 -24"><span class='ocrx_word' id='word_1_182' title='bbox 76 2393 114 2441; x_wconf 76' lang='grc' dir='ltr'><em>νο</em></span> <span class='ocrx_word' id='word_1_183' title='bbox 132 2386 254 2446; x_wconf 81' lang='grc' dir='ltr'><em>νεσθαι</em></span> <span class='ocrx_word' id='word_1_184' title='bbox 281 2376 348 2446; x_wconf 83' lang='grc' dir='ltr'><em>ὑπὸ</em></span> <span class='ocrx_word' id='word_1_185' title='bbox 371 2383 433 2446; x_wconf 85' lang='grc' dir='ltr'><em>τοῦ</em></span> <span class='ocrx_word' id='word_1_186' title='bbox 457 2375 514 2445; x_wconf 83' lang='grc' dir='ltr'><em>ὁιά</em></span> <span class='ocrx_word' id='word_1_187' title='bbox 535 2388 596 2445; x_wconf 86' lang='grc' dir='ltr'><em>τοῦ</em></span> <span class='ocrx_word' id='word_1_188' title='bbox 619 2375 738 2459; x_wconf 80' lang='grc' dir='ltr'><em>άξονος</em></span> <span class='ocrx_word' id='word_1_189' title='bbox 760 2375 940 2464; x_wconf 73' lang='grc' dir='ltr'><em>τριγώνου·</em></span> <span class='ocrx_word' id='word_1_190' title='bbox 969 2374 1050 2463; x_wconf 84' lang='grc' dir='ltr'><em>ὅπερ</em></span> <span class='ocrx_word' id='word_1_191' title='bbox 1076 2376 1143 2444; x_wconf 80' lang='grc' dir='ltr'><em>ἐστὶ</em></span> 
     </span>
     <span class='ocr_line' id='line_1_22' title="bbox 131 2480 1143 2575; baseline -0.003 -24"><span class='ocrx_word' id='word_1_192' title='bbox 131 2510 282 2571; x_wconf 84' lang='grc' dir='ltr'><em>φανερον</em></span> <span class='ocrx_word' id='word_1_193' title='bbox 311 2486 346 2551; x_wconf 83' lang='grc' dir='ltr'><em>ἐκ</em></span> <span class='ocrx_word' id='word_1_194' title='bbox 373 2495 432 2570; x_wconf 77' lang='grc' dir='ltr'><em>τῆς</em></span> <span class='ocrx_word' id='word_1_195' title='bbox 460 2487 496 2552; x_wconf 79' lang='grc' dir='ltr'><em>ἐν</em></span> <span class='ocrx_word' id='word_1_196' title='bbox 524 2494 569 2574; x_wconf 79' lang='grc' dir='ltr'><em>τῷ</em></span> <span class='ocrx_word' id='word_1_197' title='bbox 598 2485 685 2575; x_wconf 76' lang='grc' dir='ltr'><em>ῥητῷ</em></span> <span class='ocrx_word' id='word_1_198' title='bbox 711 2485 935 2570; x_wconf 77' lang='grc' dir='ltr'><em>καταγραφῆς.</em></span> <span class='ocrx_word' id='word_1_199' title='bbox 980 2486 1012 2548; x_wconf 88' lang='grc' dir='ltr'><em>εί</em></span> <span class='ocrx_word' id='word_1_200' title='bbox 1034 2480 1143 2569; x_wconf 82' lang='grc' dir='ltr'><em>γάρὴ</em></span> 
     </span>
     <span class='ocr_line' id='line_1_23' title="bbox 130 2585 1146 2677; baseline -0.002 -20"><span class='ocrx_word' id='word_1_201' title='bbox 130 2596 219 2676; x_wconf 89' lang='grc' dir='ltr'><em>ΜΝ,</em></span> <span class='ocrx_word' id='word_1_202' title='bbox 242 2588 332 2676; x_wconf 71' lang='grc' dir='ltr'><em>ᾗτινι</em></span> <span class='ocrx_word' id='word_1_203' title='bbox 351 2589 563 2677; x_wconf 81' lang='grc' dir='ltr'><em>παράλληλός</em></span> <span class='ocrx_word' id='word_1_204' title='bbox 582 2592 672 2657; x_wconf 83' lang='grc' dir='ltr'><em>ἐστιν</em></span> <span class='ocrx_word' id='word_1_205' title='bbox 691 2586 711 2675; x_wconf 83' lang='grc' dir='ltr'><em>ἡ</em></span> <span class='ocrx_word' id='word_1_206' title='bbox 732 2596 847 2674; x_wconf 82' lang='grc' dir='ltr'><em>ΔΖΗ,</em></span> <span class='ocrx_word' id='word_1_207' title='bbox 872 2589 915 2675; x_wconf 78' lang='grc' dir='ltr'><em>μὴ</em></span> <span class='ocrx_word' id='word_1_208' title='bbox 933 2588 1017 2675; x_wconf 82' lang='grc' dir='ltr'><em>πρὸς</em></span> <span class='ocrx_word' id='word_1_209' title='bbox 1036 2585 1146 2677; x_wconf 73' lang='grc' dir='ltr'><em>ὀρθάς</em></span> 
     </span>
     <span class='ocr_line' id='line_1_24' title="bbox 132 2690 1144 2786; baseline 0.001 -24"><span class='ocrx_word' id='word_1_210' title='bbox 132 2704 182 2783; x_wconf 83' lang='grc' dir='ltr'><em>είη</em></span> <span class='ocrx_word' id='word_1_211' title='bbox 211 2701 249 2786; x_wconf 74' lang='grc' dir='ltr'><em>τη</em></span> <span class='ocrx_word' id='word_1_212' title='bbox 280 2701 355 2782; x_wconf 88' lang='grc' dir='ltr'><em>ΒΓ,</em></span> <span class='ocrx_word' id='word_1_213' title='bbox 389 2699 509 2782; x_wconf 76' lang='grc' dir='ltr'><em>δῆλον,</em></span> <span class='ocrx_word' id='word_1_214' title='bbox 544 2693 594 2763; x_wconf 85' lang='grc' dir='ltr'><em>ὅτι</em></span> <span class='ocrx_word' id='word_1_215' title='bbox 623 2693 703 2763; x_wconf 69' lang='grc' dir='ltr'><em>οὐδὲ</em></span> <span class='ocrx_word' id='word_1_216' title='bbox 731 2698 808 2783; x_wconf 75' lang='grc' dir='ltr'><em>δίχα</em></span> <span class='ocrx_word' id='word_1_217' title='bbox 835 2695 986 2781; x_wconf 79' lang='grc' dir='ltr'><em>τέμνεται</em></span> <span class='ocrx_word' id='word_1_218' title='bbox 1016 2691 1098 2763; x_wconf 69' lang='grc' dir='ltr'><em>οὐδὲ</em></span> <span class='ocrx_word' id='word_1_219' title='bbox 1125 2690 1144 2778; x_wconf 70' lang='grc' dir='ltr'>ᾗ</span> 
     </span>
     <span class='ocr_line' id='line_1_25' title="bbox 132 2799 1145 2887; baseline 0 -19"><span class='ocrx_word' id='word_1_220' title='bbox 132 2808 167 2868; x_wconf 90' lang='grc' dir='ltr'><em>Κ</em></span> <span class='ocrx_word' id='word_1_221' title='bbox 171 2814 210 2871; x_wconf 94' lang='grc' dir='ltr'><em>Λ.</em></span> <span class='ocrx_word' id='word_1_222' title='bbox 247 2803 301 2869; x_wconf 81' lang='grc' dir='ltr'><em>καλ</em></span> <span class='ocrx_word' id='word_1_223' title='bbox 326 2802 382 2870; x_wconf 74' lang='grc' dir='ltr'><em>διὰ</em></span> <span class='ocrx_word' id='word_1_224' title='bbox 405 2812 473 2870; x_wconf 80' lang='grc' dir='ltr'><em>τῶν</em></span> <span class='ocrx_word' id='word_1_225' title='bbox 494 2800 607 2869; x_wconf 79' lang='grc' dir='ltr'><em>αὐτῶν</em></span> <span class='ocrx_word' id='word_1_226' title='bbox 626 2801 737 2887; x_wconf 87' lang='grc' dir='ltr'><em>λόγων</em></span> <span class='ocrx_word' id='word_1_227' title='bbox 757 2799 948 2887; x_wconf 89' lang='grc' dir='ltr'><em>συνάγεται,</em></span> <span class='ocrx_word' id='word_1_228' title='bbox 971 2826 1023 2867; x_wconf 92' lang='grc' dir='ltr'><em>οτι</em></span> <span class='ocrx_word' id='word_1_229' title='bbox 1042 2802 1145 2886; x_wconf 78' lang='grc' dir='ltr'><em>ἐστίν,</em></span> 
     </span>
     <span class='ocr_line' id='line_1_26' title="bbox 77 2903 1145 2995; baseline 0.007 -27"><span class='ocrx_word' id='word_1_230' title='bbox 77 2918 112 2968; x_wconf 74' lang='lat'><em>25</em></span> <span class='ocrx_word' id='word_1_231' title='bbox 132 2903 178 2985; x_wconf 78' lang='grc' dir='ltr'><em>ὡς</em></span> <span class='ocrx_word' id='word_1_232' title='bbox 206 2904 227 2992; x_wconf 81' lang='grc' dir='ltr'>ἡ</span> <span class='ocrx_word' id='word_1_233' title='bbox 255 2913 323 2974; x_wconf 80' lang='grc' dir='ltr'><em>ΚΘ</em></span> <span class='ocrx_word' id='word_1_234' title='bbox 348 2906 433 2994; x_wconf 82' lang='grc' dir='ltr'><em>πρὸς</em></span> <span class='ocrx_word' id='word_1_235' title='bbox 456 2915 535 2991; x_wconf 80' lang='grc' dir='ltr'><em>ΘΛ,</em></span> <span class='ocrx_word' id='word_1_236' title='bbox 564 2905 670 2988; x_wconf 71' lang='grc' dir='ltr'><em>οὕτως</em></span> <span class='ocrx_word' id='word_1_237' title='bbox 696 2905 717 2995; x_wconf 79' lang='grc' dir='ltr'><em>ἡ</em></span> <span class='ocrx_word' id='word_1_238' title='bbox 740 2915 806 2975; x_wconf 89' lang='grc' dir='ltr'><em>ΔΖ</em></span> <span class='ocrx_word' id='word_1_239' title='bbox 829 2907 913 2993; x_wconf 81' lang='grc' dir='ltr'><em>πρὸς</em></span> <span class='ocrx_word' id='word_1_240' title='bbox 937 2913 1016 2974; x_wconf 87' lang='grc' dir='ltr'><em>ΖΗ·</em></span> <span class='ocrx_word' id='word_1_241' title='bbox 1044 2909 1101 2975; x_wconf 81' lang='grc' dir='ltr'><em>καὶ</em></span> <span class='ocrx_word' id='word_1_242' title='bbox 1124 2905 1145 2994; x_wconf 81' lang='grc' dir='ltr'><em>ἡ</em></span> 
     </span>
    </p>

    <p class='ocr_par' dir='ltr' id='par_1_7' title="bbox 133 3010 1147 3207">
     <span class='ocr_line' id='line_1_27' title="bbox 133 3010 944 3101; baseline 0.005 -25"><span class='ocrx_word' id='word_1_243' title='bbox 133 3018 210 3078; x_wconf 85' lang='grc' dir='ltr'><em>ΔΗ</em></span> <span class='ocrx_word' id='word_1_244' title='bbox 230 3010 296 3097; x_wconf 85' lang='grc' dir='ltr'><em>άρα</em></span> <span class='ocrx_word' id='word_1_245' title='bbox 320 3017 367 3092; x_wconf 82' lang='grc' dir='ltr'><em>είς</em></span> <span class='ocrx_word' id='word_1_246' title='bbox 389 3011 489 3081; x_wconf 82' lang='grc' dir='ltr'><em>άνισα</em></span> <span class='ocrx_word' id='word_1_247' title='bbox 512 3014 718 3101; x_wconf 81' lang='grc' dir='ltr'><em>τμηθήσεται</em></span> <span class='ocrx_word' id='word_1_248' title='bbox 740 3013 822 3082; x_wconf 83' lang='grc' dir='ltr'><em>κατὰ</em></span> <span class='ocrx_word' id='word_1_249' title='bbox 846 3011 884 3081; x_wconf 85' lang='grc' dir='ltr'><em>τὸ</em></span> <span class='ocrx_word' id='word_1_250' title='bbox 909 3021 944 3080; x_wconf 93' lang='lat' dir='ltr'><em>Z.</em></span> 
     </span>
     <span class='ocr_line' id='line_1_28' title="bbox 200 3117 1147 3207; baseline 0.003 -24"><span class='ocrx_word' id='word_1_251' title='bbox 200 3117 347 3184; x_wconf 75' lang='grc' dir='ltr'><em>δυνατὸν</em></span> <span class='ocrx_word' id='word_1_252' title='bbox 386 3117 423 3185; x_wconf 74' lang='grc' dir='ltr'><em>δὲ</em></span> <span class='ocrx_word' id='word_1_253' title='bbox 457 3121 631 3206; x_wconf 82' lang='grc' dir='ltr'><em>κατωτέρω</em></span> <span class='ocrx_word' id='word_1_254' title='bbox 668 3122 728 3187; x_wconf 81' lang='grc' dir='ltr'><em>τοῦ</em></span> <span class='ocrx_word' id='word_1_255' title='bbox 760 3118 886 3186; x_wconf 82' lang='grc' dir='ltr'><em>κύκλου</em></span> <span class='ocrx_word' id='word_1_256' title='bbox 916 3119 971 3185; x_wconf 81' lang='grc' dir='ltr'><em>καλ</em></span> <span class='ocrx_word' id='word_1_257' title='bbox 1004 3120 1056 3187; x_wconf 79' lang='grc' dir='ltr'><em>ἐπὶ</em></span> <span class='ocrx_word' id='word_1_258' title='bbox 1089 3125 1147 3207; x_wconf 74' lang='grc' dir='ltr'><em>τῆς</em></span> 
     </span>
    </p>
   </div>
   <div class='ocr_carea' id='block_1_4' title="bbox 131 3220 1014 3312">
    <p class='ocr_par' dir='ltr' id='par_1_8' title="bbox 131 3220 1014 3312">
     <span class='ocr_line' id='line_1_29' title="bbox 131 3220 1014 3312; baseline 0.003 -23"><span class='ocrx_word' id='word_1_259' title='bbox 131 3220 213 3289; x_wconf 80' lang='grc' dir='ltr'><em>κατὰ</em></span> <span class='ocrx_word' id='word_1_260' title='bbox 237 3222 394 3310; x_wconf 77' lang='grc' dir='ltr'><em>κορυφὴν</em></span> <span class='ocrx_word' id='word_1_261' title='bbox 418 3226 613 3312; x_wconf 81' lang='grc' dir='ltr'><em>ἐπιφανείας</em></span> <span class='ocrx_word' id='word_1_262' title='bbox 634 3224 674 3292; x_wconf 83' lang='grc' dir='ltr'><em>τὰ</em></span> <span class='ocrx_word' id='word_1_263' title='bbox 699 3223 783 3292; x_wconf 84' lang='grc' dir='ltr'><em>αὐτὰ</em></span> <span class='ocrx_word' id='word_1_264' title='bbox 807 3228 1014 3292; x_wconf 76' lang='grc' dir='ltr'><em>δείκνυσθαι.</em></span> 
     </span>
    </p>
   </div>
   <div class='ocr_carea' id='block_1_5' title="bbox 136 3414 1146 3561">
    <p class='ocr_par' dir='ltr' id='par_1_9' title="bbox 136 3414 1146 3561">
     <span class='ocr_line' id='line_1_30' title="bbox 205 3414 1145 3490; baseline 0.004 -18"><span class='ocrx_word' id='word_1_265' title='bbox 205 3417 684 3488; x_wconf 66' lang='grc' dir='ltr'><em>λ.ΞΠΚ]Πεοοττ.ιυ.1Ψ.</em></span> <span class='ocrx_word' id='word_1_266' title='bbox 762 3414 899 3472; x_wconf 67' lang='grc' dir='ltr'><em>ίσιίνΨ.</em></span> <span class='ocrx_word' id='word_1_267' title='bbox 990 3420 1145 3490; x_wconf 83' lang='grc' dir='ltr'>8.ΟΠΚ]</span> 
     </span>
     <span class='ocr_line' id='line_1_31' title="bbox 136 3488 1146 3561; baseline 0.001 -18"><span class='ocrx_word' id='word_1_268' title='bbox 136 3488 437 3544; x_wconf 75' lang='lat' dir='ltr'><strong>Oinsert.m.1w.</strong></span> <span class='ocrx_word' id='word_1_269' title='bbox 539 3488 1146 3561; x_wconf 55' lang='lat' dir='ltr'><strong>0H5]H2petzinras.m.1W;</strong></span> 
     </span>
    </p>
   </div>
   <div class='ocr_carea' id='block_1_6' title="bbox 0 0 1238 3892">
    <p class='ocr_par' dir='ltr' id='par_1_10' title="bbox 0 0 1238 3892">
     <span class='ocr_line' id='line_1_32' title="bbox 0 0 1238 3892; baseline 0 0"><span class='ocrx_word' id='word_1_270' title='bbox 0 0 1238 3892; x_wconf 95' lang='lat' dir='ltr'><em> </em></span> 
     </span>
    </p>
   </div>
  </div>
 </body>
</html>
