2444 3892
283 174 433 226 nurocn
451 173 715 227 conunursuu
732 174 773 225 rn
791 173 935 227 comcs.
1046 169 1109 235 189

97 323 244 383 centrum
268 318 311 383 sit
330 320 367 401 Γ,
390 320 423 381 et
444 319 599 400 punctum
623 315 753 401 aliquod
777 315 915 381 sublime
934 320 976 399 A,
1000 316 1108 382 ducta·

99 446 160 508 que
181 428 246 486 AB
270 424 304 488 in
327 423 488 487 infinitum
511 421 708 506 producatur
731 421 766 485 in
789 424 959 506 utramque
982 426 1108 507 partem

493 533 530 593 ut
549 529 590 592 ad
608 532 647 612 E,
666 532 702 592 Z.
740 527 768 591 si
786 527 888 611 igitur
906 533 1057 593 manente
1076 534 1109 593 A

494 635 677 699 monebitur
695 637 771 715 ΔΒ,
795 633 897 699 donec
916 637 944 697 B
967 656 1024 718 per
1042 656 1109 699 arn·

494 742 602 805 bitum
639 740 750 805 circuli
782 744 846 804 AB
878 741 1110 806 circumactum

494 869 606 912 rursus
632 847 672 911 ad
706 847 841 911 eundem
870 846 977 911 locum
999 867 1111 929 perue

494 955 577 1033 niat,
609 952 692 1017 unde
720 952 843 1019 moueri
872 955 1023 1034 coeptum
1053 956 1111 1035 est,

496 1059 698 1144 superficiem
711 1059 873 1145 quandam
887 1057 1015 1140 efficiet,
1031 1079 1112 1142 quae

497 1189 535 1231 ex
558 1167 682 1231 duabus
711 1166 941 1250 superficiebus
969 1164 1055 1227 inter
1078 1185 1112 1228 se

411 1296 414 1306 ·
495 1273 529 1337 in
555 1278 587 1336 Δ
614 1274 824 1358 tangentibus
849 1271 1030 1353 composita
1053 1274 1113 1352 est,

496 1401 593 1464 quam
617 1380 820 1463 superficiem
844 1378 987 1444 conicum
1007 1381 1112 1441 uocat.

497 1486 576 1550 dicit
599 1491 707 1551 autern
735 1485 762 1568 [Ι
785 1510 816 1570 p.
835 1486 865 1571 6,
888 1485 914 1548 9·
934 1486 1012 1568 sq.],
1041 1505 1124 1548 eom·

495 1593 530 1656 in
553 1593 719 1658 infinitum
742 1613 894 1676 crescere,
918 1591 1005 1675 quod
1023 1596 1113 1656 recta

497 1721 569 1763 eam
592 1700 777 1765 describens
801 1703 839 1764 ut
858 1701 926 1762 AB
949 1700 983 1762 in
1005 1698 1112 1762 infini-

396 590 432 640 E

495 1809 565 1869 tum
588 1806 792 1889 producatur.
827 1807 983 1870 uerticem
1003 1810 1113 1870 autern

454 1984 458 1993 Δ
498 1911 681 1993 superficiei
709 1914 864 1994 punctum
888 1916 921 1974 A
952 1915 1050 1976 uocat
1081 1915 1114 1975 et

499 2037 590 2079 axem
612 2018 683 2080 ΔΓ
703 2015 733 2095 [Ι
756 2039 786 2098 p.
806 2016 837 2099 6,
861 2016 899 2079 11
926 2020 999 2099 sq.].

567 2141 682 2184 conum
713 2124 820 2186 autem
852 2126 950 2186 uocat
982 2121 1011 2201 [I
1035 2146 1065 2205 p.
1085 2123 1116 2205 6,

501 2228 543 2291 14
569 2229 633 2311 sq.]
672 2227 811 2311 figuram
849 2227 1114 2311 comprehensam

103 2335 223 2399 circulo
251 2337 321 2398 AB
351 2337 384 2398 et
411 2333 592 2419 superficie,
625 2355 721 2418 quarn
750 2331 905 2397 describit
933 2338 1022 2399 recta
1049 2336 1116 2397 AB

103 2440 183 2523 sola,
207 2440 360 2504 uerticem
384 2444 491 2505 autem
515 2440 587 2505 coni
607 2445 648 2519 A,
672 2461 764 2505 axem
788 2444 895 2504 autem
913 2443 987 2524 ΔΓ,
1010 2440 1115 2505 bosirn

101 2551 210 2612 autern
234 2546 391 2611 circulum
414 2550 489 2610 ΑΒ.

171 2656 203 2716 et
235 2652 263 2716 si
296 2655 366 2716 ΔΓ
395 2652 434 2716 ad
467 2653 621 2718 circulum
652 2656 718 2716 AB
750 2652 1023 2737 perpendicularis
1057 2657 1117 2736 est,

103 2781 220 2825 conum
246 2763 369 2823 rectum
392 2764 489 2825 uocat
513 2758 543 2842 [I
565 2781 596 2842 p.
615 2760 647 2843 6,
669 2760 714 2823 20
737 2761 809 2843 sq.],
833 2760 884 2823 sin
907 2758 1117 2844 perpendicu-

103 2866 182 2930 laris
201 2887 268 2931 non
288 2869 348 2948 est,
367 2865 549 2949 obliquum,
569 2866 720 2951 obliquus
740 2870 849 2930 autern
869 2887 969 2931 conus
986 2867 1118 2950 orietur,

104 2973 132 3039 si
171 2975 300 3055 sumpto
339 2971 458 3036 circulo
495 2994 515 3035 a
552 2974 662 3035 centro
694 2974 816 3036 rectam
849 2973 1041 3036 erexerimus
1077 2971 1117 3036 ad

105 3079 239 3162 planum
266 3076 377 3141 circuli
400 3098 464 3140 non
489 3075 799 3161 perpendicularem,
826 3080 859 3141 et
882 3100 901 3142 a
924 3081 1043 3161 puncto
1066 3099 1118 3141 su-

104 3184 199 3249 blimi
232 3187 339 3247 rectae
372 3186 495 3247 erectae
528 3182 567 3246 ad
601 3182 756 3247 circulum
783 3186 905 3247 rectam
933 3183 1117 3249 duxerimus

106 3291 300 3372 ductamque
310 3292 432 3353 rectam
442 3311 501 3372 per
510 3288 666 3355 circulum
675 3288 1118 3373 circumegerimusmanente

107 3417 145 3460 eo
161 3397 293 3479 puncto,
303 3395 389 3479 quod
404 3394 444 3459 ad
458 3399 615 3478 punctum
626 3395 764 3460 sublime
775 3398 883 3461 rectae
893 3399 1018 3460 erectae
1031 3396 1119 3480 posi-

106 3505 178 3565 tum
192 3504 256 3584 est,
271 3521 347 3564 narn
358 3500 464 3583 figura
473 3501 519 3565 ita
530 3501 763 3585 comprehensa
776 3523 876 3567 conus
887 3504 950 3567 erit
960 3502 1119 3587 obliquus.
