2452 3900
503 142 730 194 FRAGMENTA.
1062 139 1127 204 113

109 287 179 348 λων
203 276 332 366 ούσιιν,
358 277 443 349 ἀλλὰ
465 284 534 349 τῶν
555 284 661 370 τριῶν
683 283 961 369 συμπιπτουσῶν,
983 279 1022 350 τὸ
1046 279 1129 349 αὐτό

67 415 76 427 ·
109 386 200 454 ἐστιν
232 389 278 476 τῳ
311 390 359 466 είς
390 384 428 454 τὸ
463 387 570 455 δοθὲν
601 392 770 473 τρίγωνον
796 383 923 453 κύκλον
951 385 1129 474 ἐγγράψαι·

108 490 147 560 τὸ
179 491 216 559 δὲ
245 491 308 560 δύο
335 491 559 579 παραλλήλων
588 492 702 560 ούσῶυ
725 491 781 559 καὶ
804 494 882 580 μιῶς
905 491 1130 579 ἐμπιπτούσης

109 599 155 678 ῶς
185 599 287 686 μέρος
318 593 359 666 ὃν
386 601 447 685 τής
473 596 510 685 β’
543 595 806 683 ὑποδιαιρέσεως
833 597 1064 686 προγράφεται
1092 599 1130 666 έν

109 702 242 783 τούτοις
264 703 410 772 πάντων.
445 704 502 771 καὶ
525 701 566 771 τὰ
589 705 664 790 ἑξῆς
688 709 708 777 ξ
730 707 767 773 έν
789 707 835 796 τῷ
858 701 978 794 πρῶτῳ
998 709 1129 795 βιβλίῳ,
1166 722 1184 773 5

109 809 150 878 τὰ
181 809 219 878 δὲ
246 809 426 896 λειπόμενα
454 808 534 896 δύο,
562 809 600 877 τὸ
626 808 688 878 δύο
713 813 883 878 δοθεισῶν
906 805 1052 877 εύθειῶν
1073 810 1130 877 καὶ

110 914 237 984 κύκλου
260 915 281 1002 ή
305 919 409 1000 τριῶν
434 917 610 984 δοθέντων
637 916 770 984 κύκλων
794 913 903 1002 μόνον
926 915 963 982 ἐν
985 919 1031 1006 τῷ
1056 919 1131 983 δευ-

110 1023 195 1113 τέρῳ
223 1027 343 1111 βιβλίῳ
375 1020 431 1090 διὰ
459 1021 519 1102 τὰς
546 1021 631 1106 πρὸς
658 1019 825 1108 ἀλλήλους
847 1021 960 1100 θέσεις
982 1023 1050 1089 τῶν
1073 1019 1131 1087 κύ-

110 1134 201 1195 κλων
232 1154 268 1196 τε
295 1127 351 1195 καὶ
383 1125 530 1196 εύθειῶν
562 1134 719 1207 πλείονας
748 1126 851 1208 οὔσας
878 1127 935 1195 καὶ
962 1125 1130 1195 πλειόνων

112 1237 299 1322 διορισμῶν
322 1235 491 1321 δεομένας.
1150 1249 1185 1299 10

180 1369 231 1434 19.
254 1370 387 1455 Pappus
409 1368 487 1450 VII,
512 1371 554 1435 12
577 1394 607 1455 p.
632 1371 710 1456 648,
735 1373 777 1436 14
801 1392 862 1456 sq.:

109 1574 129 1584 -
174 1480 266 1568 Ἔχει
303 1481 340 1549 δὲ
375 1481 413 1550 τὸ
453 1487 587 1569 πρῶτον
628 1486 696 1551 τῶν
735 1484 878 1584 έπαφῶυ
913 1477 1131 1566 προβλήματα

114 1594 139 1672 ζ,
166 1586 204 1656 τὸ
239 1587 276 1655 δέ
304 1589 464 1673 δεύτερον
493 1587 712 1676 προβλήματα
740 1597 767 1657 δ.
816 1591 970 1676 λήμματα
1000 1585 1038 1688 δὲ
1066 1589 1132 1671 ἔχει

111 1690 152 1760 τδι
177 1692 240 1762 δύο
263 1700 376 1782 βιβλία
399 1700 452 1781 νᾶ,
476 1691 560 1762 αύτδι
585 1695 623 1763 δὲ
645 1693 877 1783 θεωρημάτων
901 1693 992 1762 ἐστὶν
1017 1696 1042 1772 ξ.

179 1820 309 1905 Pappus
333 1820 407 1904 VII,
434 1823 498 1887 184
516 1843 547 1905 p.
571 1821 721 1904 852,13;
744 1819 782 1888 τὸ
806 1823 940 1905 πρῶτον
963 1819 1032 1884 τῶν
1051 1817 1132 1917 {ooa-
1152 1833 1187 1884 15

112 1926 189 2008 φῶν
212 1920 429 2010 προβλήματα
453 1922 545 2009 ἑπτά,
568 1922 607 1990 τὸ
632 1921 789 2008 δεύτερον
812 1921 1031 2009 προβλήματα
1058 1925 1087 1988 δ.

416 2136 470 2201 De
493 2136 829 2202 inclinaiionibuS.

181 2261 232 2326 20.
256 2261 388 2345 Pappus
411 2258 492 2344 VH,
515 2259 557 2324 27
582 2282 613 2344 p.
638 2241 716 2345 670,
740 2262 760 2326 3
784 2283 845 2346 sq.:

476 2413 666 2482 Νεύσεων
691 2413 772 2483 δύο.
860 2485 863 2490 ,

182 2539 425 2627 Προβλήματος
462 2538 500 2607 δὲ
532 2539 632 2619 ὄντος
666 2542 852 2607 καθολικοῦ
888 2536 1030 2607 τούτου·
1068 2537 1132 2606 δύο
1152 2555 1187 2604 20

116 2649 286 2713 δοθεισῶν
318 2648 481 2733 γραμμῶν
511 2646 605 2714 θέσει
633 2655 748 2713 θεῖναι
775 2643 896 2732 μεταξὺ
924 2643 1054 2712 τούτων
1082 2642 1134 2713 εύ-

115 2760 216 2819 θεϊαν
252 2754 298 2843 τῷ
336 2754 470 2838 μεγέθει
508 2752 695 2838 δεδομένην
732 2750 903 2819 νεύουσαν
938 2752 991 2819 ἐπὶ
1028 2751 1135 2819 δοθὲν

115 2870 267 2945 σημείου,
291 2857 344 2925 έπλ
367 2860 489 2925 τούτου
507 2868 576 2926 τῶν
599 2856 652 2925 ἐπὶ
675 2859 798 2945 μέρους
821 2856 970 2944 διάφορα
992 2854 1033 2924 τὰ
1056 2854 1136 2925 ὑπο-

114 2968 252 3051 κείμενα
279 2961 442 3050 ἐχόντων,
471 2960 491 3030 ἃ
521 2964 582 3051 μὲν
605 2956 649 3050 ήν
672 2966 821 3052 ἐπίπεδα,
846 2960 866 3031 ἃ
892 2965 929 3032 δὲ
952 2962 1085 3052 στερεοί,
1113 2960 1135 3030 ἃ

189 3199 213 3249 3.
233 3191 278 3265 δι’]
297 3194 396 3264 scripsi
413 3194 578 3264 (respondet
597 3193 635 3247 ad
653 3191 706 3263 μέν
724 3212 752 3264 p.
764 3199 824 3262 112,
839 3197 894 3263 22),
913 3193 968 3264 γάρ
986 3193 1067 3248 oodd.
1082 3193 1130 3263 (ab

116 3264 171 3320 hoc
188 3264 277 3335 igitur
295 3265 487 3334 propositione
501 3266 608 3334 incepit
622 3264 722 3319 liborI
738 3263 901 3334 Apollonii).
977 3271 1002 3319 4.
1021 3258 1055 3318 δν
1068 3265 1118 3332 τῆς

116 3334 228 3405 ΗοΙλεγ,
249 3331 329 3399 ὄντος
347 3337 397 3390 τοῦ
416 3335 508 3402 codd„
527 3330 560 3390 δν
579 3336 629 3404 τῆς
647 3336 697 3391 τοῦ
717 3336 837 3389 Hultsoh
853 3351 917 3388 oum
936 3333 1008 3392 aliis.
1088 3331 1115 3406 β’

116 3405 228 3476 ΗαΠυγ,
246 3410 264 3467 ’ς’
280 3405 360 3463 oodd.
422 3411 462 3462 16.
483 3404 542 3476 ἔχει
556 3425 610 3477 προ
630 3405 740 3477 λήματα
758 3405 887 3460 Hultsoh.
956 3411 999 3460 23.
1019 3402 1119 3460 τούτου

118 3476 245 3549 Horoley,
263 3474 366 3546 ταύτης
386 3477 466 3532 codd.
544 3482 586 3534 24.
625 3478 654 3549 ν]
674 3478 727 3532 dol.
746 3477 877 3532 Hultooh.

170 3574 360 3627 Apollonius,
378 3576 413 3618 oti
427 3577 535 3628 Hoiborg.
556 3577 588 3617 11.
959 3569 975 3618 8
