2444 3892
129 133 195 197 252
410 130 674 184 οοιιιιιιανιειε
690 128 860 193 ,πωροι

129 276 213 359 τέρω
240 276 303 340 τοῦ
330 279 364 339 A
392 274 483 341 ἐστιν
510 267 532 358 ἢ
561 271 615 339 ἐπὶ
642 271 703 338 τοῦ
725 277 760 337 A
787 264 808 355 ἢ
832 266 992 357 ἀνωτέρω
1020 273 1087 338 τοῦ
1108 276 1149 355 A,

129 380 185 447 καὶ
213 377 270 446 διὰ
297 382 397 447 τοῦτο
425 377 464 447 τὸ
493 384 521 446 Θ
549 376 673 464 ὁμοίως
701 373 791 468 αὐτῷ
814 387 903 463 τρεῖς
926 375 993 456 ἕξει
1015 377 1150 463 τόπους,

128 485 185 553 καὶ
208 486 420 572 προσεκτέον,
445 483 507 571 ὅτι,
531 491 596 552 εἴτε
613 483 786 568 κατωτέρω
809 481 892 569 πέσρ
911 480 950 549 τὸ
971 489 1000 548 Ζ
1023 492 1090 551 τοῦ
1107 490 1147 568 A,

129 591 185 659 καὶ
208 589 247 659 τὸ
266 599 295 659 Θ
317 594 379 660 τοῦ
398 597 430 658 Γ
449 596 541 658 ἔσται
563 591 749 676 κατωτέρω,
772 597 837 657 εἴτε
859 586 898 655 τὸ
914 593 944 654 ’Ζ
969 589 1024 656 έπὶ
1047 587 1087 657 τὸ
1108 598 1146 675 A,

96 698 187 766 ικαὶ
213 697 252 766 τὸ
281 705 309 765 Θ
337 699 390 765 ἐπὶ
417 695 454 766 τὸ
479 703 522 782 Γ,
550 704 615 764 εἴτε
642 695 798 783 ἀνωτέρω
821 697 859 763 τὸ
885 701 912 761 Ζ
934 698 998 763 τοῦ
1022 703 1074 782 A,
1097 695 1146 763 καὶ

130 807 167 873 τδ
194 811 223 871 Θ
245 808 307 874 τοῦ
329 811 361 872 Γ
381 811 471 873 ἔσται
495 800 660 891 ιλνωτέρω.

521 985 593 1060 Εἰς
614 979 657 1048 τὸ
681 977 749 1066 μα’.

203 1096 248 1165 Τὸ
272 1097 433 1185 θεώρημα
456 1099 556 1164 τοῦτο
581 1095 634 1162 ἐπὶ
658 1093 719 1181 μέν
737 1096 797 1180 τῆς
814 1092 1005 1181 ὑπερβολῆς
1023 1098 1146 1162 πτῶσιν

132 1201 193 1272 οὐκ
217 1209 295 1291 ἔχει,
319 1205 372 1272 ἐπὶ
396 1202 433 1271 δὲ
456 1206 514 1289 τῆς
538 1203 724 1286 ἐλλείψεως,
749 1201 807 1268 ἐὰν
826 1196 1080 1287 ἡκαταγομένη
1099 1199 1147 1268 ἐπὶ

79 1324 112 1373 10
131 1309 169 1377 τὸ
197 1312 337 1398 κέντρον
365 1315 482 1398 πίπτῃ,
510 1306 550 1377 τὰ
575 1306 612 1375 δὲ
635 1303 735 1375 λοιπδι
759 1306 895 1392 γένηται
917 1305 957 1374 τδι
983 1303 1087 1392 αὐτά,
1112 1304 1146 1373 τὸ

131 1412 196 1482 ἀπὸ
226 1420 284 1501 τῆς
310 1416 518 1503 κατηγμένης
545 1411 635 1493 εἶδος
658 1421 733 1481 ἴσον
758 1416 850 1479 ἔσται
872 1415 918 1503 τῷ
942 1409 1008 1480 ιἰπδ
1032 1416 1094 1499 τῆς
1115 1413 1146 1480 ἐκ

131 1525 192 1588 τοῦ
215 1524 357 1610 κέντρου
380 1525 471 1587 ελδει.

198 1630 281 1694 ἔστω
309 1627 375 1711 γὰρ
404 1630 563 1709 ἔλλειψις,
591 1614 631 1709 ἧς
654 1623 830 1712 διάμετρος
853 1620 873 1710 ἡ
898 1630 980 1709 AB,
1008 1625 1146 1712 κέντρον

130 1733 168 1798 τὸ
195 1739 244 1816 A,
275 1731 331 1797 καὶ
363 1729 521 1817 κατήχθω
551 1732 757 1817 τεταγμένως
783 1727 803 1817 ἡ
833 1735 865 1796 Γ
867 1738 915 1816 A,
947 1730 1003 1796 καὶ
1032 1727 1146 1818 ιἰναγε-

79 1852 110 1901 15
131 1838 276 1923 γράφθω
306 1833 371 1904 ἀπό
399 1863 434 1904 τε
460 1840 520 1924 τῆς
544 1844 609 1905 ΓΛ
636 1836 692 1904 καὶ
715 1839 773 1923 τῆς
796 1844 867 1904 AA
890 1840 962 1922 εἴδη
988 1836 1147 1923 ἰσογώνια

128 1939 169 2009 τὰ
192 1950 272 2030 ΑΖ,
297 1950 386 2031 AH,
417 1945 514 2031 ἐχέτω
545 1944 582 2012 δὲ
607 1941 627 2031 ἡ
652 1949 723 2011 ΔΓ
740 1941 825 2031 πρὸς
849 1948 921 2010 ΓΗ
938 1939 998 2011 τὸν
1022 1948 1147 2029 συγκεί·

129 2077 233 2138 μενον
261 2050 364 2137 λόγον
393 2056 428 2118 ἔκ
456 2077 490 2118 τε
517 2056 579 2119 τοῦ
603 2047 644 2118 δν
668 2055 734 2137 ἔχει
758 2047 778 2136 ἡ
803 2057 874 2116 ΑΔ
896 2050 982 2136 πρὸς
1006 2057 1073 2116 AZ
1096 2049 1148 2117 καὶ

131 2160 191 2224 τοῦ
216 2153 257 2224 δν
282 2163 346 2245 ἔχει
371 2155 391 2244 ἡ
416 2155 520 2245 ὀρθία
542 2159 626 2245 πρὸς
649 2156 712 2243 τὴν
735 2160 889 2242 πλαγίαν.

197 2264 294 2348 λέγω,
319 2259 371 2330 ὅτι
395 2261 432 2329 τὸ
456 2270 521 2329 ΑΖ
545 2271 619 2329 ἴσον
644 2263 713 2330 ἐστὶ
737 2266 782 2353 τῷ
808 2269 889 2329 AH.

78 2382 112 2431 νο
200 2368 270 2435 ἐπεὶ
297 2366 362 2455 γὰρ
391 2370 428 2436 ἐν
456 2371 501 2459 τῷ
530 2369 619 2458 ῥητῷ
649 2369 828 2454 δέδεικται,
857 2364 902 2448 ὡς
929 2364 966 2435 τὸ
990 2363 1058 2436 ἀπὸ
1081 2376 1149 2435 AA

128 2472 210 2562 πρὸς
233 2472 271 2543 τὸ
295 2481 370 2560 ΑΖ,
391 2472 498 2554 οὕτως
515 2471 552 2541 τὸ
574 2471 640 2540 ὑπὸ
666 2481 769 2541 AAB
788 2474 872 2562 πρὸς
890 2473 927 2543 τὸ
949 2480 1032 2559 AH,
1053 2479 1149 2561 φημί,

130 2578 180 2648 ὅτι
203 2581 258 2647 καὶ
282 2581 439 2667 ἐναλλάξ,
463 2578 507 2659 ὡς
528 2578 566 2647 τὸ
592 2576 659 2646 ἀπὸ
681 2587 752 2645 ΑΔ
775 2580 859 2668 πρὸς
881 2579 918 2648 τὸ
941 2580 1008 2648 ὑπὸ
1032 2587 1148 2663 ΑΔΒ,

131 2683 237 2766 οὕτως
260 2684 298 2754 τὸ
321 2694 385 2754 AZ
408 2688 492 2774 πρὸς
514 2683 551 2752 τὸ
571 2691 653 2753 AH.
695 2691 771 2752 ἴσον
795 2684 833 2753 δὲ
855 2688 893 2753 τὸ
918 2683 983 2753 ἀπὸ
1008 2695 1080 2753 ΑΔ
1102 2690 1146 2778 τῷ

130 2789 195 2859 ὑπὸ
222 2799 338 2859 ΑΛΒ·
364 2801 439 2859 λ’σον
465 2789 529 2879 ἄρα
552 2791 607 2858 καὶ
630 2788 667 2859 τὸ
692 2800 760 2858 ΑΖ
782 2795 828 2883 τῷ
852 2799 931 2859 AH.

75 2980 109 3029 οι
528 2973 598 3049 Εἰς
620 2971 661 3036 τὸ
687 2968 755 3057 μβ’.

202 3083 246 3147 Τὸ
271 3081 432 3169 θεώρημα
456 3086 555 3151 τοῦτο
581 3089 646 3172 ἔχει
669 3085 810 3165 πτοέσεις
832 3089 883 3169 ffi,
911 3090 991 3171 μίαν
1015 3085 1093 3172 μὲν,
1118 3091 1152 3152 εἰ

130 3187 278 3268 ἐσωτέρω
303 3187 507 3274 λαμβάνοιτο
532 3190 569 3259 τὸ
589 3199 623 3257 A
644 3196 706 3260 τοῦ
725 3198 766 3259 Γ·
797 3197 902 3278 δῆλον
924 3190 1000 3278 γάρ,
1026 3192 1078 3260 ὅτι
1096 3193 1152 3259 καὶ

130 3296 395 3401 m-b—Jfflpoe]
421 3346 490 3385 corr.
512 3348 546 3386 ex
570 3328 695 3402 οῗνοτέρω
715 3334 760 3390 W.
853 3339 894 3389 10.
920 3334 1021 3404 πίπτγ,
1045 3329 1098 3405 τοὶ]
1122 3334 1151 3388 in

131 3414 183 3453 ras.
203 3397 247 3452 W.
347 3407 388 3455 13.
413 3401 580 3475 διάμετρος]
605 3421 674 3461 corr.
699 3421 733 3458 ex
756 3401 908 3475 διάμετρον
932 3406 983 3472 W,
1007 3421 1098 3474 comp.
1122 3423 1151 3474 p.

167 3465 283 3542 κέντρον
305 3468 337 3526 δέ
362 3473 472 3540 Halley.
567 3482 607 3530 16.
633 3478 700 3544 AH,
717 3479 765 3529 ΑΖ
785 3476 890 3531 Comm.
984 3480 1024 3531 18.
1050 3470 1097 3547 ὅν]
1121 3476 1153 3530 in
