2452 3900
146 140 190 206 50
546 141 713 194 Κααιιυεα
732 136 771 194 ε’.

146 280 308 368 ἐφάψεται
331 279 413 348 κατά
437 280 477 348 τά
500 289 606 350 κοῖλα.
653 278 777 369 ὁμοίως
801 278 843 367 δὴ
868 281 1092 368 δειχθήσεται,
1116 277 1169 350 ὅτι

147 385 228 456 οὐδὲ
251 391 309 473 τῆς
331 393 369 455 Β.
410 385 572 474 ἤχθωσαν
596 391 665 455 τάν
689 397 732 472 Α,
751 395 780 454 Β
803 390 916 473 τομῶν
940 386 1170 474 ἐφαπτόμεναι

147 496 184 560 αῖ
205 501 286 580 ΑΔ,
305 499 383 560 BE·
408 485 506 562 αὗται
532 491 573 580 δὴ
597 493 785 580 έφάψονται
807 496 866 580 τῆς
884 499 988 560 ΑΒΓ
1006 498 1168 583 γραμμῆς.

147 603 179 667 εῖ
200 600 264 686 γὰρ
289 599 453 685 δυνατόν,
480 599 624 687 τεμνέτω
650 597 670 686 ἡ
696 600 790 687 ἑτέρα
814 596 938 686 αὐτοῖν,
960 599 1016 667 καὶ
1040 599 1168 688 έστωὴ

111 729 127 776 5
147 713 220 774 ΑΖ.
257 706 379 793 μεταξὺ
403 705 469 793 ἀρα
490 710 551 793 της
576 714 639 773 ΑΖ
664 709 892 793 ἐφαπτομένης
914 706 1048 792 καὶτῆς
1067 714 1169 775 Ατο-

147 815 211 899 μῆς
241 812 520 900 παρεμπέπτωκεν
553 810 672 880 εὐθεῖα
704 810 724 898 ἡ
754 820 839 880 ΑΗ·
873 809 953 898 ὅπερ
987 809 1169 887 ἀδύνατον.

148 918 337 1005 ἐφάφονται
370 917 435 1006 ἀρα
466 922 525 1004 τῆς
553 927 667 1005 ΑΒΓ,
699 919 755 986 καὶ
788 920 844 987 διά
876 923 976 987 τοῦτο
1005 918 1168 1008 φανερόν,

148 1021 199 1092 ὅτι
222 1021 243 1111 ἡ
263 1032 367 1092 ΑΒΓ
380 1023 459 1092 καθ’
481 1023 596 1113 ἕτερον
616 1025 657 1093 οὐ
678 1024 860 1113 συμβάλλει
878 1038 950 1104 ταῖς
967 1033 1011 1111 Α,
1031 1033 1060 1093 Β
1079 1024 1169 1094 ἀντι-

147 1158 324 1219 κειμεναις.

94 1281 128 1329 10
622 1255 690 1343 μα’.

212 1377 298 1447 Ἐάν
324 1376 494 1466 ὑπερβολὴ
527 1390 587 1469 μιᾷ
619 1384 688 1448 τάν
721 1377 961 1466 ἀντικειμένων
992 1381 1075 1447 κατά
1106 1379 1169 1448 δύο

150 1499 270 1572 σημεῖα
299 1488 465 1573 συμπίπτῃ
493 1483 765 1574 ἀντεστραμμένα
787 1485 826 1553 τά
850 1487 955 1571 κυρτὰ
980 1490 1120 1573 ἔχουσα,
1148 1483 1170 1573 ἡ

148 1589 360 1677 ἀντικειμένη
389 1588 474 1680 αὐτῇ
503 1591 544 1660 οὐ
572 1605 787 1679 συμπεσεῖται
808 1595 848 1680 τῇ
872 1590 968 1682 ἑτέρᾳ
989 1595 1058 1661 τῶν
1082 1589 1171 1661 ἀντι-

148 1695 347 1782 κειμένων..

95 1826 129 1874 15
217 1807 366 1871 ἔστωσαν
394 1799 617 1891 ἀντικείμενοι
646 1809 683 1873 αῖ
708 1811 827 1888 ΑΒΔ,
853 1812 895 1890 Z,
918 1803 973 1870 καὶ
996 1799 1169 1891 ὑπερβολὴ

148 1905 169 1996 ἡ
200 1916 312 1976 ΑΒΓ
342 1914 382 1999 τῇ
415 1917 530 1978 ΑΒΔ
567 1917 713 1998 συμβαλ-
739 1926 773 1978 Α

148 2014 230 2084 λε’τω
267 2015 350 2085 κατὰ
385 2017 424 2083 τὰ
460 2026 506 2103 Α,
532 2025 561 2084 Β
594 2032 713 2104 σημεῖα

148 2120 420 2210 ἀντεστραμμέυα
440 2128 562 2210 ἔχουσα
579 2123 620 2191 τά
635 2151 712 2211 κυρ-

149 2231 189 2296 τὰ
213 2244 283 2310 τοῖς
306 2235 441 2313 κοίλοις,
464 2229 521 2296 καὶ
539 2234 598 2316 τῆς
614 2237 717 2296 ΑΒΓ

96 2358 131 2406 20
151 2340 233 2404 ε”στω
257 2332 470 2423 ἀντικειμένη
494 2332 515 2421 ἡ
540 2343 579 2402 Β.
615 2335 712 2421 λέγω,

150 2439 201 2509 ὅτι
226 2439 267 2509 οὐ
291 2455 504 2528 συμπεσεῖται
527 2452 566 2529 τῇ
592 2449 628 2508 Ζ.

217 2548 403 2635 ἐπεζεύχθω
431 2545 452 2634 ἡ
481 2553 546 2614 ΑΒ
580 2547 636 2613 καὶ
664 2549 713 2614 ε’κ-

148 2654 329 2742 βεβλήσθω
354 2655 407 2722 ἐπὶ
424 2655 463 2721 τὸ
483 2660 525 2721 Η.
561 2653 631 2719 ἐπεὶ
651 2645 713 2720 οὖν
816 2595 966 2792 β

51 2835 52 2841 1
149 2758 342 2849 ὑπερβολὴν
367 2758 428 2846 τὴν
452 2766 566 2826 ΑΒΔ
595 2756 713 2827 εὐθεῖα

95 2888 130 2938 25
149 2866 260 2955 τέμνει
275 2865 295 2953 ἡ
309 2875 341 2933 Α
347 2873 426 2951 ΒΗ,
441 2864 666 2952 ἐκβαλλομένη
681 2865 719 2932 δέ
734 2863 787 2953 ἐφ’
800 2865 938 2955 ἑκάτερα
954 2866 1046 2944 ἐκτὸς
1058 2870 1171 2934 πίπτει

67 3022 69 3026 ,
149 2977 208 3060 της
235 2975 354 3059 τομῆς,
388 2970 430 3039 οὐ
454 2985 667 3059 συμπεσεῖται
701 2975 741 3060 τῇ
770 2980 796 3039 Ζ
828 2976 921 3062 τομῇ.
973 2969 1097 3059 ὁμοίως
1125 2973 1170 3059 δὴ

222 3208 246 3257 5.
266 3200 335 3255 Post
354 3206 403 3255 ΑΖ
422 3202 485 3257 add
500 3198 605 3272 Vp:
588 3224 664 3266 οπως
683 3206 747 3272 (.0m
748 3206 792 3291 p)
812 3201 861 3257 καὶ
876 3199 1034 3290 marafim,
1042 3223 1096 3288 οτι,
1114 3198 1170 3257 έάν

149 3269 167 3341 ἡ
187 3276 265 3326 ΓΑΔ
283 3271 398 3342 γραμμὴ
418 3276 562 3362 συμπίπτῃ
582 3275 681 3328 καὶ
648 3296 681 3361 τη
698 3271 756 3328 B'
739 3271 927 3364 αντικειμένχ,
948 3269 1001 3328 οὐκ
1021 3246 1170 3360 ἐφάψεται

149 3344 244 3429 τῆςΑ
272 3349 331 3406 τοῖς
356 3340 497 3408 κοίλοις
483 3365 586 3431 εαυτης
573 3343 709 3415 ς(αάτῆς
732 3349 775 3416 p)·
804 3344 989 3415 δειχθήσεται
1012 3341 1067 3414 γάρ
1091 3339 1169 3400 ἀντι-

150 3409 449 3543 {zffifflcfflzffassn‘}
443 3417 823 3559 ,Ὑὲἔέμέιῗῖὲιάιέῗέέά
839 3417 1056 3557 έεέῗὲέέιέῖῗέ
1063 3415 1169 3559 Ηῖἳῖῗξ
